2990 4906
35 247 37 260 “
148 242 194 318 tt
272 267 275 272 ·
578 235 909 307 LIBERII.

146 428 258 502 Venit
281 427 331 502 ed
355 427 552 504 auriferum
577 429 746 532 Gangem
754 484 772 533 ,g
792 430 861 504 sed
885 429 1055 504 acerbior
1078 432 1166 506 inde

148 553 262 622 Facta
286 549 385 641 sitis,
410 535 635 650 rursumque*
653 553 758 651 Tago
783 551 862 624 sitis
887 551 1005 624 altera
1029 553 1154 629 crevit.

147 668 253 742 Sedit
276 669 521 770 Erythraeum
541 669 595 744 'ed
617 665 791 773 pelngus,
816 671 884 750 sed
907 671 1029 745 littore
1056 672 1218 745 conchas

143 793 241 864 Dum
263 789 400 864 teneris
421 788 542 892 aperit
566 791 711 894 digitis,
738 793 890 892 digitum
914 817 989 864 una
1013 792 1225 885 momordit,

147 914 264 1012 Quem
288 911 429 984 laesum
454 912 592 987 intorto
616 911 799 1013 religabat
821 912 946 984 taenia
970 911 1045 985 filo.
1262 926 1334 1004 540

145 1032 258 1105 Venit
281 1049 318 1104 et
342 1032 381 1104 in
405 1031 556 1134 Cypron
577 1033 709 1108 lassus.
758 1030 857 1133 Quid
882 1031 1026 1132 singula
1050 1033 1193 1108 narro?

145 1151 293 1225 Nullum
319 1168 399 1225 erat
424 1152 463 1224 in
486 1155 595 1227 terris
621 1178 734 1254 aegro
759 1152 925 1225 solamen
948 1152 1088 1226 Amori.

147 1271 179 1344 Ο
205 1271 335 1363 miser,
359 1272 509 1372 ignarus
535 1300 632 1376 quae
655 1297 742 1374 pars
767 1271 835 1345 tibi
861 1272 1009 1371 cognita
1032 1274 1197 1346 nondum

146 1392 345 1465 Terrarum
368 1393 528 1494 profugo
553 1401 687 1472 restet!
712 1393 799 1466 Tibi
822 1409 939 1465 restat
962 1391 1109 1465 Idume:

143 1513 246 1583 Haec
254 1511 369 1612 regio,
378 1513 450 1586 hoc
460 1514 618 1610 coelum,
634 1511 1252 1587 baeccertamferetaurasnlutem.
1263 1525 1332 1601 345

145 1631 185 1730 c)
212 1633 324 1708 Venit
348 1632 541 1706 Idumaeas
563 1631 796 1708 tandem...
822 1631 1028 1730 (subsistite
1052 1623 1223 1733 paulum3

143 1753 241 1823 Nam
266 1748 441 1852 quiddam
447 1732 471 1846 ³,
492 1755 610 1828 instar
634 1753 730 1845 avis,
754 1752 870 1828 visum
895 1769 952 1826 est
976 1752 1171 1826 considere
1195 1779 1335 1855 opacos

144 1874 268 1944 Hosce
292 1872 388 1945 inter
411 1897 548 1948 ramos.
597 1872 731 1975 Sopor‘
749 1889 806 1945 est
827 1871 1118 1973 pulcherrimuse
1145 1893 1182 1951 et
1206 1904 1304 1968 mox,

146 1991 285 2092 Spero,
311 1991 404 2066 alies
425 1981 567 2096 pariter
591 1993 773 2068 deducam
795 1995 835 2065 in
858 1979 957 2066 retia'
977 1995 1106 2095 cantu)

144 2111 258 2184 Venit
280 2112 473 2188 idumaeas
497 2112 668 2207 tandem,
692 2115 865 2215 inquam,
891 2112 1011 2186 fessus
1035 2115 1076 2186 in
1100 2141 1200 2212 oras,
1262 2133 1333 2202 350

145 2229 418 2333 Jordanemque
444 2233 559 2314 bibit:
586 2234 746 2335 dumque
772 2235 869 2334 egris
895 2231 1020 2306 devius
1047 2252 1156 2326 errat,

114 2335 117 2345 s
145 2355 406 2453 Lamentisque
431 2354 526 2443 vias,
551 2371 662 2454 etque
686 2379 794 2426 aures
820 2353 1009 2451 questibus
1035 2355 1187 2456 impletj,

146 2472 252 2545 illum
276 2491 504 2546 moerentem
528 2471 618 2547 vidit
640 2472 888 2573 pulcherrima
912 2491 1041 2562 meter,

146 2591 186 2679 d)
214 2593 392 2666 Goelestis
416 2595 522 2693 pueri
547 2613 684 2687 mater,
709 2592 899 2692 tenuitque
924 2591 1107 2693 fugacem,

145 2806 181 2857 V.
192 2809 244 2861 336
261 2821 321 2874 aeq.
339 2803 412 2859 ituit
430 2802 553 2856 Venetae
578 2804 661 2858 Venit
676 2806 712 2856 ai
724 2803 874 2856 amiseram
887 2803 1019 2873 Gangem,
1037 2793 1087 2856 e'etl
1103 2803 1232 2854 acerbius
1247 2803 1310 2856 inde

566 2897 657 2948 Aucta
672 2896 745 2964 sitin,

145 3007 181 3070 Υ»
191 3005 251 3058 336.
268 3004 413 3070 Gangen
430 2986 473 3068 (Γ
470 2981 565 3070 time)
583 2999 718 3050 maximus
734 2998 828 3054 indite
845 2995 962 3067 iuvius,
981 2999 1027 3066 qui
1047 2999 1205 3051 ulteriorem
1222 3009 1241 3050 a
1264 2999 1335 3050 cite-

250 3097 325 3146 ricre
341 3095 418 3146 indic
435 3095 613 3145 disterminet.

146 3189 250 3240 uest.
264 3187 378 3251 Tagus
395 3185 485 3246 (unp.
505 3181 610 3250 tajo,
627 3182 715 3232 Lusit.
733 3177 827 3245 ieje)
846 3181 995 3243 Hispaniae
1011 3181 1207 3234 ethnaitnniee
1223 3181 1334 3248 llnviua,
1398 3170 1402 3180 ’

252 3279 299 3343 qni
315 3279 352 3329 ad
368 3276 561 3340 ulyssiponem
578 3277 672 3326 urbem
690 3274 718 3324 in
736 3273 873 3324 Oceanum
892 3275 986 3344 inlluit.

61 3351 70 3366 ⁸
145 3374 250 3426 Vilis.
269 3371 510 3433 Erythraeum
535 3368 688 3435 pelagus
712 3365 731 3416 l.
762 3378 787 3415 e.
815 3379 891 3417 mare
916 3367 1027 3416 rubrum
1055 3365 1184 3417 Arabium
1214 3363 1288 3418 inter
1304 3370 1334 3416 et

252 3465 415 3527 Aegyptum.

113 3605 115 3610 .
146 3557 181 3609 V.
200 3558 260 3678 ³³81.
277 3567 336 3616 seq.
358 3550 441 3672 hEdit
465 3549 564 3601 Venet.
596 3561 645 3612 pro
668 3551 828 3600 concitae
852 3549 872 3600 l.
901 3546 929 3599 ln
954 3547 1030 3610 ipae:
1055 3550 1084 3598 et
1109 3560 1160 3610 pro
1186 3545 1333 3598 tenerit

261 3635 357 3676 .ccnc
375 3633 417 3672 aa.

146 3709 181 3759 V.
191 3711 252 3762 841.
269 3705 462 3769 cyprum
479 3701 585 3764 canica
603 3682 753 3769 (Κύπρος)
771 3693 860 3752 lunula¹
876 3711 976 3766 magna
993 3700 1077 3758 merle
1093 3694 1296 3752 mediterranei.

145 3803 181 3851 V.
192 3799 395 3854 ilitltlume.
432 3793 475 3844 cl.
493 3793 515 3859 l,
535 3797 578 3845 34.

252 3889 281 3956 c)
299 3891 383 3942 Venit
399 3887 435 3936 ad
450 3887 605 3936 Jordanem.
820 3937 824 3942 ,

147 3983 182 4032 V.
190 3985 251 4036 351.
266 3976 635 4042 Jordanfflescendenn)
661 3976 759 4027 lluvlna
790 3975 963 4026 Palaestinae
989 3973 1202 4038 celeberrimus,
1234 3967 1334 4033 quieti

252 4075 374 4126 radicem
396 4073 495 4122 montis
519 4071 667 4122 Antillbeni
690 4069 787 4134 critnr,
814 4072 843 4117 et
870 4066 897 4116 in
921 4066 1013 4116 lecum
1035 4065 1213 4128 Asphaltiten
1244 4061 1333 4119 (mere

252 4166 399 4222 manuum)
418 4165 482 4214 exit
503 4163 561 4214 Cir.
578 4162 759 4216 caelian-
776 4158 949 4212 Palaestinae
968 4158 1123 4222 deectiptio.
1142 4153 1241 4208 Veli.
1260 4153 1290 4203 l’.
1308 4151 1330 4203 1.

252 4257 447 4320 tm-m

252 4351 283 4408 d]
301 4361 319 4400 a
337 4347 427 4400 meria
442 4346 558 4408 hospitio
575 4345 717 4408 excipitur.
