2960 4908
139 255 212 322 120
553 235 795 308 LIBER
843 235 908 312 Vl.

294 351 299 386 Ι

141 442 185 511 In
210 461 332 511 seram
355 451 506 509 noctem
530 432 745 533 spectacula
769 432 865 503 mira
887 431 1008 504 daturi
1036 445 1039 452 “
1256 447 1328 518 590

137 559 353 660 Hospitibus
379 556 493 631 Diris.
544 551 686 625 Titulus
712 551 760 625 de
783 551 928 626 fornice
952 550 1093 654 pendet

145 680 286 755 Oscula
308 675 476 752 Justitiae
502 689 539 744 et
562 673 682 746 Pacis.
731 672 889 772 Jamque
914 697 1027 746 aurea
1051 672 1122 744 rite

147 799 326 900 Cymbala
347 792 548 898 proludunt
573 791 747 866 chordist
773 794 849 893 jam
872 818 1012 894 pompa
1033 793 1183 866 latentis

145 901 195 992 s'e
220 918 352 1017 retegit
377 938 512 988 scenae
520 941 533 1008 3
558 914 708 1015 jamque
745 915 820 1002 alta
843 915 989 990 silentia
1012 912 1137 1014 poscit

139 1037 288 1111 Sibilus.
338 1039 397 1110 En
422 1033 559 1108 sensim
586 1035 802 1109 subducitur
827 1039 914 1109 alire
941 1033 1071 1108 velum.
1255 1048 1327 1118 395

137 1159 253 1232 Proh!
284 1182 383 1272 quae
408 1155 628 1228 immortalis
654 1157 799 1257 species
810 1209 823 1248 ‚
853 1179 950 1256 quae
962 1154 1092 1254 Regia,
1119 1180 1214 1253 quae
1231 1156 1303 1248 lux,

140 1280 244 1379 Quae
277 1275 407 1350 domus
434 1276 621 1350 aetheria!
646 1277 743 1348 Hem
768 1276 889 1376 qualis
909 1275 1018 1348 sedet
1042 1274 1158 1347 ardua
1174 1279 1330 1376 gemmis

140 1401 183 1470 In
208 1397 303 1470 solio
329 1400 475 1500 Regina
499 1398 641 1471 nitens!
667 1414 760 1497 quot
784 1396 947 1496 fulgurat
972 1397 1080 1468 astris

140 1519 322 1591 lntextum
355 1544 480 1619 syrma
506 1518 666 1593 adrium!
694 1543 787 1617 quas
810 1519 888 1616 jam
913 1514 1016 1588 dabit
1040 1515 1106 1587 illa

138 1642 277 1713 Fronte
301 1640 403 1738 gnari
426 1641 556 1713 voces!
585 1662 698 1736 quam
720 1637 836 1735 plena
862 1635 1010 1708 silentia
1035 1653 1166 1708 sancto
1259 1645 1330 1723 100

137 1761 321 1842 Terrore}
349 1784 372 1831 c
397 1759 522 1831 Patria
530 1763 591 1847 ,⁴0
620 1755 796 1854 Solymae
822 1754 995 1828 caelestis
1020 1757 1162 1855 imago!

143 1878 177 1952 0
203 1903 378 1979 superum
398 1878 524 1974 regio,
549 1876 696 1975 species
722 1873 904 1948 stellantis
931 1874 1102 1974 Olympi!

127 2062 130 2070 .
241 2002 509 2098 Argumentum
534 1995 677 2096 operis,
705 1995 882 2092 Maiestas
906 1994 1010 2067 laesa
1036 1995 1241 2068 Tonantisr'

142 2119 290 2192 Justitia
321 2119 409 2191 hinc
434 2141 572 2190 acuens
598 2114 691 2206 iras,
717 2118 793 2188 Par
817 2115 951 2190 flebilis
978 2116 1081 2188 illinc

140 2243 310 2312 Exorans
342 2237 498 2313 reniam.
522 2244 525 2252 '
548 2234 697 2307 Nodum
723 2235 915 2335 Sapientia
939 2232 1059 2328 solvit,
1258 2247 1326 2325 105

141 2357 395 2458 Proponitque
420 2357 517 2427 inter
540 2357 759 2451 Nomenque
783 2356 1053 2455 Hominemque
1080 2377 1311 2459 sequestrum

142 2477 371 2576 Unigenam,
398 2476 558 2548 humano
582 2474 742 2547 relatum
767 2501 926 2577 corpore
951 2478 1109 2552 Numen.

141 2599 369 2688 Discutitur,
394 2596 520 2696 placet
541 2594 750 2669 intentum:
777 2623 951 2698 suprema
976 2602 1147 2692 Potestas

143 2717 389 2790 Commissum
413 2716 486 2787 sihi
510 2716 671 2812 spondet
696 2742 803 2815 opus.
853 2719 917 2791 Sic
942 2718 1006 2791 lite
1033 2720 1227 2820 dirempta,

141 2837 319 2937 Acceptis
343 2835 431 2908 hinc
459 2848 570 2932 atque
595 2833 683 2906 hinc
709 2834 986 2912 conditionibus
1013 2840 1142 2938 aequis
1261 2849 1332 2926 010
1371 2880 1378 2888 -

141 2957 281 3030 Oscula
309 2954 479 3032 Justitiae
505 2970 542 3026 et
566 2953 674 3027 Pacis
700 2959 920 3055 spectacula
944 2957 1134 3031 claudunt.

242 3076 351 3148 Talia
375 3099 568 3173 supremus
593 3074 782 3159 fortunata
807 3079 884 3152 otia
909 3079 1053 3176 magnis

137 3195 355 3295 Hospitibus
379 3197 493 3267 Pater
516 3191 691 3294 indulsit3
719 3199 824 3297 queis
850 3199 921 3284 rite
945 3198 1109 3300 peractis

145 3315 349 3390 subvectos
381 3313 515 3387 iterum
540 3339 650 3389 curru
674 3318 837 3393 Jessidas
865 3344 986 3418 opaco

143 3438 241 3509 A'e're
275 3435 449 3507 Nazareis
473 3435 593 3508 bonus
619 3437 708 3510 Ales
732 3437 895 3511 reddidit
919 3437 1006 3512 oris.
1261 3444 1333 3524 015

143 3625 179 3677 V.
200 3627 266 3708 ³⁸2⁴·
280 3623 412 3676 Oscula
429 3624 447 3673 J
455 3625 615 3678 ustitiee
641 3630 679 3678 et
696 3627 810 3681 Pacis.
846 3627 1037 3680 msericordias
1064 3629 1092 3679 ot
1108 3627 1214 3680 veritas
1238 3626 1335 3681 ‹tltvie¹

285 3719 386 3765 verunt
402 3715 469 3766 sibi:
484 3710 595 3779 justitie
613 3721 641 3768 et
657 3733 713 3783 pax
730 3721 872 3771 osculatae
889 3725 960 3771 sunt.
997 3720 1069 3771 Psal.
1088 3719 1132 3786 84,
1153 3722 1196 3773 11.

144 3807 180 3856 V.
197 3808 259 3860 401.
277 3808 432 3871 solyma
451 3798 643 3862 coelestis.
680 3811 871 3873 cfr.anceat.
892 3811 1126 3865 00101022.

143 3897 179 3946 V.
197 3899 249 3950 401
268 3901 296 3948 et
311 3891 374 3950 402.
393 3899 446 3948 Pro
464 3899 505 3950 his
522 3912 610 3949 verss.
629 3901 700 3951 Edit.
718 3903 817 3954 Venet.
836 3904 918 3969 legIt:

284 3989 417 4041 Terrore!
436 3997 466 4040 ut
482 3993 596 4058 tragIcis
615 3993 695 4042 dictis
710 3988 769 4057 jam
785 3996 933 4057 praeparat
950 4004 1008 4046 ore.

145 4077 180 4129 V.
199 4081 261 4132 400.
279 4081 416 4154 Tanaitis.
436 4083 493 4134 Cfr.
512 4084 560 4146 Vl,
579 4085 640 4135 itt.

145 4172 180 4221 V.
199 4174 259 4222 407.
278 4173 348 4222 Edit.
366 4173 463 4224 Venct.
483 4186 532 4236 pro
551 4177 703 4227 humane
722 4175 799 4238 ponit
813 4180 917 4228 nostro.

145 4265 180 4313 V.
198 4265 260 4315 414.
278 4263 349 4313 Edit.
367 4262 466 4315 Venet.
483 4276 533 4328 pro
550 4265 720 4320 Jessidas
739 4267 775 4334 (Ι,
793 4268 854 4320 404.
873 4267 922 4335 Vl,
942 4263 1006 4332 270)
1029 4265 1115 4333 leglt:
1138 4271 1215 4318 tram
1231 4265 1333 4317 nubila.

564 4389 908 4438 ψ-
