2990 4906
102 287 168 356 ’ὦ
422 235 424 243 '
540 263 892 362 u1ees1u

121 446 202 546 Neo
226 466 398 540 comitem
422 462 536 557 velle,
563 477 600 532 et
624 458 793 534 manibus
818 456 979 530 retinere
999 479 1210 556 sequacem,
1238 470 1309 538 150

121 592 178 662 Ao
201 586 300 684 multu
320 583 495 659 ‘officiosa
518 582 621 654 bono
644 581 766 653 lenire
791 578 990 670 dolentem,

121 707 246 808 Seque
270 707 374 780 brevi
395 702 571 776 reducem
594 702 716 776 multis
740 701 968 803 promittere.
1017 700 1067 770 At
1089 695 1157 770 illa

121 826 312 925 Obsequio
337 825 586 926 precibusque
610 849 733 896 moras
758 824 970 896 innectere:
995 816 1136 889 Saltem

118 947 291 1022 Vicinum
315 945 427 1018 liceat
449 962 572 1018 tecum
596 943 686 1016 mihi
711 941 894 1018 scandere
918 954 1094 1028 montem,
1216 1000 1217 1003 ,

118 1064 247 1156 Unde,
272 1067 343 1160 ait,
369 1082 562 1164 angustum
588 1062 721 1137 callem
747 1061 934 1161 flexusque
957 1060 1098 1134 viarum
1234 1051 1313 1136 155,

120 1183 322 1260 Ostendam
346 1184 475 1287 paucis
500 1185 722 1287 compendia
746 1203 853 1291 notat
876 1181 1043 1280 meisque

117 1309 280 1395 Interea,
307 1304 462 1407 supplex
485 1321 637 1395 orote,
664 1329 825 1404 quaeso,
849 1325 1050 1402 parumper
1094 1335 1107 1360 x

116 1426 286 1498 Filiolam
310 1425 496 1499 committe
520 1425 634 1520 ulnis,
661 1427 725 1526 qui
748 1426 825 1526 jam
847 1421 977 1520 nequit
1006 1419 1103 1492 ultra

115 1547 274 1645 Exiguos
299 1571 430 1648 passus
456 1545 603 1618 trahere
628 1547 725 1620 inter
749 1572 848 1642 saxa.
899 1544 980 1614 Nee
1003 1538 1103 1613 istud

114 1668 207 1743 Diva
230 1665 332 1756 tulit,
358 1669 540 1768 variisque
566 1665 686 1744 modis
712 1665 868 1738 fallebat
889 1677 1085 1748 amantem,
1233 1669 1302 1735 160

115 1788 236 1887 Quam
260 1785 369 1859 nullis
393 1805 541 1886 poterat
565 1787 698 1890 procul
722 1785 809 1858 inde
834 1783 993 1858 avellere
1019 1778 1138 1850 dietis.

114 1911 165 1982 At
185 1908 339 1998 saltem,
363 1907 509 2005 ajebat,
535 1879 670 1983 selteni
691 1909 764 1980 hoo
788 1931 836 1978 ne
863 1903 1013 2003 despice
1038 1898 1145 2002 laetis

112 2032 231 2102 Lassa
254 2030 334 2103 viae
357 2029 546 2126 exiguum,
573 2031 676 2130 quod
697 2030 754 2104 fas
780 2026 869 2101 mihi
893 2047 1050 2125 porgere
1078 2021 1236 2092 donumr

111 2152 197 2251 Ipsa
220 2175 332 2223 mauu
356 2151 520 2250 expressi
544 2178 673 2254 nuper.
723 2149 841 2225 Simul
865 2149 979 2234 haec,
1005 2141 1112 2214 simul
1136 2166 1277 2229 urnam,

112 2271 161 2340 Et
183 2269 312 2344 situlas
336 2272 480 2369 posuit,
504 2273 705 2371 mersitque
732 2272 772 2342 in
796 2271 892 2342 lacte
918 2263 1115 2363 salignam,
1231 2274 1299 2341 165

113 2385 319 2485 Eduxitque
344 2415 493 2486 gravem
516 2409 702 2490 pateram,
728 2416 839 2488 quam
863 2388 978 2494 Virgo
1002 2381 1210 2482 prehendit,

112 2504 357 2605 Admotitque
383 2507 499 2580 labris
523 2510 632 2580 Pueri
639 2536 652 2604 3
675 2528 753 2579 tum
778 2506 938 2580 nectaris
963 2502 1084 2573 hausit

73 2687 86 2727 Υ
113 2625 223 2724 Quod
239 2627 429 2724 reliquum
452 2629 593 2701 fueratt
619 2657 709 2728 neo,
736 2654 880 2702 rursum
903 2640 944 2697 ut
965 2638 1147 2711 sumeret,
1172 2619 1269 2692 ullae

85 2725 316 2817 *Obtinuere
340 2771 485 2845 preces.
535 2753 695 2820 Rursum
718 2740 1134 2882 instaurarqquerelas,

110 2865 272 2935 Rursum
295 2865 426 2967 inopes
450 2865 586 2942 offerre
608 2870 719 2950 lares.
770 2869 848 2940 Sed
873 2867 1033 2963 demque
1058 2862 1155 2936 vieta
1227 2873 1297 2942 170

110 2987 219 3058 Haud
243 2990 360 3061 tenuit
384 2987 576 3086 lacrimas3
603 3007 714 3092 atque
739 3007 894 3088 utraque
918 2983 1073 3058 brachia
1096 2978 1254 3054 tendens

110 3107 239 3206 Erigui
262 3098 420 3209 pretinm
443 3129 552 3212 potus
579 3110 646 3209 (ah
670 3109 779 3210 quale
789 3112 814 3198 l)
838 3106 1038 3211 poposcit„

109 3229 248 3318 Mater,
273 3230 343 3320 ait,
369 3229 520 3328 quando
545 3229 721 3301 famulam
747 3231 991 3326 comitemque
1016 3244 1180 3309 recusas,

109 3347 190 3419 Nec
214 3365 251 3444 te
276 3348 368 3420 alias
391 3349 568 3422 reducem
591 3348 689 3420 forte
711 3376 875 3450 unquam
898 3349 999 3420 lassa
1021 3341 1177 3417 revisam
1184 3364 1198 3433 3

107 3469 179 3538 Per
189 3483 239 3558 te,
252 3493 321 3569 per
333 3495 501 3569 superos,
513 3496 655 3572 perque
665 3470 758 3542 haec
766 3470 913 3570 gemina
921 3467 1048 3554 ubera,
1058 3461 1219 3564 pulcher)
1226 3472 1294 3540 175

109 3588 213 3686 Quae
237 3591 333 3662 Puer
357 3589 418 3660 hic
442 3590 632 3688 quondam
655 3591 790 3690 pressit
796 3618 809 3684 3
834 3588 1005 3690 permitte
1031 3583 1155 3685 puello

109 3709 319 3784 Suaviolum
343 3706 460 3782 libare
485 3726 567 3780 tuo:
594 3710 647 3781 nil
670 3710 856 3808 poscimus
882 3709 989 3781 ultra.

107 3829 206 3928 Quid
229 3856 306 3903 non
329 3831 508 3928 ingenuus
534 3830 675 3904 candor
699 3857 894 3931 moresque
919 3825 1056 3930 pudici,

105 4122 141 4173 V.
158 4125 216 4174 1³4.
229 4124 300 4176 Edit.
314 4125 412 4175 venet.
431 4139 480 4188 pro
493 4126 576 4177 mihi
595 4129 776 4191 scandere
792 4129 811 4180 l.
830 4125 1021 4176 conscendere.

106 4237 140 4287 V.
170 4241 217 4289 172
230 4239 258 4287 ln
277 4239 349 4288 Edit.
367 4237 464 4289 venet.
480 4241 659 4292 desideretur.

104 4348 139 4400 V.
158 4351 217 4402 tes.
233 4350 283 4401 Et.
299 4351 397 4401 venet.
416 4364 464 4413 pro
482 4352 665 4418 ingenuus
678 4355 776 4405 habet:
794 4351 943 4418 virgInens.
