2990 4906
525 263 840 344 „steen
886 265 931 338 Π.
1312 287 1359 354 55

174 460 410 560 Plorantiqne
434 457 539 533 dedit
560 457 736 538 belleriut
759 457 946 561 verbaque
972 461 1061 538 dixit
1123 531 1125 538 Α
1157 509 1170 524 ·-
1291 482 1361 551 tes

174 581 318 655 Blanda
342 579 459 672 adeo,
486 579 830 682 dulcesque'minas
855 581 1010 683 adjecit,
1034 601 1076 656 ut
1098 581 1161 661 ille
1214 601 1242 646 .:
1288 627 1303 640 ι·
1381 599 1387 613 “

177 703 366 804 Captivum
393 699 538 776 dederit
562 725 667 796 sese;
691 701 876 802 subiitque
898 701 1076 804 penates,
1135 755 1141 766 .
1264 705 1282 768 ‚'

174 825 419 924 Assueritquc
444 849 537 923 puer
560 823 650 896 laeti
672 822 871 922 mellique3
896 849 969 896 nee
993 850 1085 898 auro
1220 823 1224 830 ’

177 944 324 1018 Sortem
349 945 468 1033 hanc,
494 968 565 1016 nee
590 969 734 1043 gemma
759 944 886 1045 queuis
910 943 1076 1044 pretioue
1102 943 1276 1026 dedisset.

123 1067 126 1070 ’
174 1067 245 1138 Hie
271 1089 383 1163 aeger
406 1089 538 1163 passus
564 1091 690 1137 curam
707 1082 783 1156 est,
808 1065 870 1137 hie
894 1067 1048 1166 jungere
1073 1082 1248 1166 utrasque
1294 1081 1366 1150 560

175 1184 337 1288 Edidicit
360 1184 503 1283 palmas
528 1184 576 1257 ad
601 1185 718 1258 solem
740 1209 869 1262 versus
892 1209 1013 1278 eoum,
1185 1233 1189 1244 ·
1222 1247 1224 1254 ,

178 1306 218 1405 ο)
246 1305 408 1379 Curretia
433 1305 588 1403 genibus
614 1306 792 1406 supplex,
816 1305 878 1378 hie
903 1303 1064 1405 denique
1089 1305 1191 1379 lenta

88 1503 91 1510 ¹
180 1424 327 1495 Sensim
350 1425 536 1500 convaluit
559 1424 716 1498 febri...
744 1424 951 1523 (subsistite
974 1450 1119 1497 rursum
1126 1453 1140 1522 3
1193 1419 1198 1429 ’

179 1544 275 1614 Nam
298 1561 398 1617 tecto
423 1545 577 1636 insedit,
603 1546 642 1616 ni
666 1545 795 1638 fallor,
817 1547 1000 1647 penniger
1025 1547 1121 1620 ulter
1215 1542 1218 1550 ’

179 1663 360 1759 Somnus3
390 1682 428 1736 at
442 1668 600 1765 ¹exiguus
625 1665 735 1758 latet,
762 1683 800 1738 et
821 1666 879 1742 rix
901 1669 1089 1768 prominet
1113 1667 1181 1742 alis
1297 1681 1368 1752 565
1416 1698 1419 1707 ¹

177 1783 349 1883 Undique
373 1785 549 1868 stellatist
574 1803 743 1887 superest
765 1812 867 1861 nune
889 1789 1039 1886 tertius3
1065 1806 1105 1863 at
1127 1789 1223 1865 mox'

176 1905 220 1976 In
244 1904 380 1979 viseum
406 1908 545 2007 reniet)
571 1907 689 1999 febri,
713 1909 886 2008 inquam,
910 1909 1074 2010 denique
1098 1911 1201 1984 lenta

180 2024 326 2096 Sensim
351 2027 552 2103 convaluitt
578 2026 645 2098 sed
670 2053 782 2126 quam
805 2029 949 2121 brevis,
977 2033 1044 2104 ah!
1069 2030 1140 2103 fuit
1162 2031 1235 2104 ista

178 2145 290 2216 Parta
315 2145 436 2234 salus,
461 2145 671 2218 miserande
695 2171 809 2244 puer,
834 2171 944 2238 mox,
970 2147 1063 2221 heu!
1078 2151 1286 2224 moriturus

181 2263 346 2362 (Aspera
369 2287 457 2333 nam
482 2263 537 2334 sic
561 2262 640 2334 fata
662 2263 805 2361 volunt)
831 2267 1027 2338 moriturus
1052 2267 1189 2339 acerbo
1299 2285 1370 2355 570
1486 2245 1487 2250 ἵ

179 2387 338 2456 Funere.
387 2383 556 2480 Namque
583 2381 712 2454 aderat
736 2384 804 2457 sub
831 2384 963 2458 eodem
985 2389 1150 2489 paupere
1173 2404 1275 2464 tecto
1373 2376 1377 2404 ¹

182 2505 288 2577 Alter
312 2506 446 2592 Amor,
472 2500 540 2573 sed
555 2501 756 2595 coelestis,
783 2503 852 2577 sed
874 2524 983 2581 natus
1006 2507 1181 2609 olymp03

184 2628 487 2722 Terrestremque
511 2621 614 2694 illum
640 2623 907 2726 dedignabatur
931 2627 1063 2700 eodem
1161 2657 1164 2666 ·

151 2813 169 2830 ,Α
184 2745 262 2817 Sub
288 2745 387 2832 lare,
411 2741 547 2841 quippe
571 2741 707 2834 levem,
734 2746 794 2817 cui
816 2772 901 2838 ror,
929 2748 988 2819 cui
1012 2748 1146 2841 mellea
1171 2767 1313 2823 tantum

183 2867 249 2939 Vis
274 2867 394 2937 inerat
416 2863 557 2955 verbis,
584 2866 651 2938 sed
675 2865 798 2937 nullae
822 2864 859 2936 in
886 2891 1044 2968 corpore
1068 2871 1176 2944 vinee.
1300 2879 1370 2955 575

183 2987 220 3086 f)
246 2989 345 3084 Ergo
372 2985 571 3085 aliquando
595 2989 708 3058 miser
731 2985 847 3058 fando
874 2985 960 3057 dum
984 2988 1142 3087 plurima
1157 2992 1283 3087 jactat,

183 3108 233 3179 Ut
258 3107 505 3203 solet,·atque
527 3106 638 3177 alium
661 3121 768 3199 vocat
786 3108 825 3176 in
850 3107 1051 3179 certamina
1077 3107 1241 3202 demens,
1315 3133 1317 3138 ’

185 3225 262 3298 Seu
285 3225 408 3315 lusus,
435 3250 500 3298 seu
520 3224 618 3297 lucta
643 3224 729 3315 fuit,
752 3223 951 3325 (quidquid
976 3225 1063 3327 fuit)
1088 3229 1163 3302 ictu

186 3347 332 3418 Stratus
359 3346 459 3417 humi
485 3346 638 3440 cecidit,
664 3370 735 3417 nee
759 3344 898 3444 profuit
921 3345 1021 3420 illico
1045 3349 1157 3446 vitam

183 3471 361 3556 Poscere,
387 3491 458 3539 nec
481 3466 605 3538 cubito
630 3464 873 3565 manibusque
899 3486 1063 3541 avertere
1085 3470 1234 3566 uulnus3
1299 3487 1368 3553 580

184 3586 327 3662 Vulnus
353 3605 456 3660 atrox
480 3586 615 3660 lethale
641 3588 715 3658 imo
740 3586 808 3658 sub
830 3605 984 3686 pectore
1008 3588 1116 3662 fixum
1141 3609 1208 3682 est,

185 3711 266 3782 Nec
290 3709 485 3804 lacrimae,
511 3708 709 3808 gemitusre
733 3707 798 3778 ulli
822 3707 968 3780 valuere
991 3712 1189 3808 precantia.

187 3829 340 3902 Saucius
367 3855 477 3930 ergo,
504 3853 687 3926 aegreque
712 3827 862 3900 trahens
886 3830 1057 3927 vestigia,
1079 3849 1178 3903 tecto

187 3951 374 4022 Successit
382 4003 393 4040 ,
418 3950 605 4048 jacuitque
627 3965 709 4021 toro
716 3976 728 4042 3
755 3947 821 4020 sed
847 3949 1013 4021 amabilis
1037 3948 1101 4021 illa
1153 4041 1158 4046 Ι

184 4117 600 4130 m

289 4230 320 4286 e]
338 4223 514 4277 conratescIt.

289 4341 387 4403 osee
404 4351 486 4392 aratu
504 4345 655 4402 provocare
674 4339 794 4394 divinum
813 4351 933 4393 andren
951 4342 1093 4396 abeodem
1111 4339 1278 4396 stitueretur.

1098 4429 1175 4514 e*-
