2990 4906
130 213 176 282 62
309 209 404 258 '-
553 200 902 277 LIBERIV.

127 397 196 472 Illa
218 412 342 489 toros,
367 396 612 499 manibusque
631 397 738 498 jubas
762 397 949 471 mulcebat
973 398 1134 476 eburnis.

127 518 178 592 Ut
202 534 302 590 satur
327 518 451 592 eduxit
473 537 614 593 torvum
638 536 748 620 caput
771 519 935 621 undique
958 546 1103 614 rorans,
1267 532 1313 610 45

127 637 302 737 Rugitum
327 637 428 712 dedit
451 637 656 739 ingentem,
683 667 757 740 quo
781 640 886 713 lucus
913 658 950 713 et
974 642 1094 715 omnis

126 757 295 831 Insonuit
317 758 392 832 late
417 761 637 859 tremuitque
664 761 836 834 exterrita
860 761 976 854 vellis,

127 877 397 978 Hermonisque
421 882 552 982 procul
577 899 722 956 montes
747 883 969 982 piscosaque
995 879 1129 978 Salim3

130 999 360 1100 caeteraque
386 1021 469 1075 acta
494 1021 594 1076 metu
621 1003 767 1075 subiere
792 1003 965 1075 animalia
990 1001 1111 1080 silvas.

128 1120 240 1193 Nulla
263 1122 379 1221 magis
403 1149 545 1197 memor
570 1119 684 1197 officii
708 1123 810 1219 fera,
834 1123 936 1195 nulla
960 1124 1077 1196 salute
1269 1131 1314 1202 50

130 1239 281 1313 Gratior
305 1261 480 1345 accepte,
505 1245 632 1346 Usque
658 1243 754 1318 adeo
779 1243 976 1318 benefacta
1000 1242 1148 1315 feroces

132 1360 357 1436 Submittunt
381 1365 535 1438 animos.
585 1367 667 1439 lam
692 1365 826 1438 saltum
851 1380 1017 1438 evaserat
1041 1385 1190 1434 omnem

132 1483 326 1555 Parthenia
336 1468 351 1576 ;Ι
373 1508 462 1557 ecce
489 1503 611 1557 autem
633 1503 734 1560 retro
761 1509 940 1560 conversa
964 1482 1130 1583 jubatum

132 1601 285 1674 Miratur
311 1603 483 1676 comitem
505 1607 658 1705 vestigia
681 1631 781 1706 pone
808 1621 1036 1705 sequentem.

117 1723 258 1821 forge,
267 1724 328 1813 ait,
338 1723 376 1794 in
386 1724 657 1826 silvam,perge,
667 1727 831 1825 inquam,
842 1727 1046 1821 iterumque
1055 1731 1319 1801 morantem55

131 1840 318 1942 Supploso
342 1841 526 1944 increpuit
549 1843 646 1946 pede
669 1862 832 1934 terrens,
857 1843 990 1941 bisque
1015 1839 1154 1913 nivales

130 1962 318 2036 Percussit
340 1961 495 2064 palmas.
545 1963 615 2050 llla
637 1992 747 2068 aegre
772 1968 811 2038 in
836 1981 937 2040 tecta
960 1957 1118 2049 redibat,

131 2083 251 2155 Instar
273 2083 349 2160 oris
376 2083 547 2185 gradiens
572 2087 743 2188 placidae
767 2085 962 2183 timidique
989 2079 1112 2154 catelli
1120 2104 1133 2174 3

132 2203 315 2275 Moerenti
341 2204 489 2297 similis,
516 2208 617 2307 quod
642 2234 719 2281 non
743 2232 813 2307 pro
838 2227 990 2277 munere
1014 2200 1082 2272 tali
1360 2289 1363 2301 .

131 2324 204 2394 Par
229 2325 431 2464 quidpuam
452 2326 633 2424 obsequio
657 2325 864 2425 meritoque
888 2346 1070 2421 reponere
1094 2334 1234 2420 posset.
1275 2330 1322 2411 6ss

104 2427 106 2440 ¹
196 2524 198 2530 .
230 2443 862 2543 Hincviaperlucumumbrilerum,
890 2437 1320 2539 quaeducitedamnem,

136 2562 325 2636 Castaneis
350 2590 548 2638 nemorosa
572 2562 654 2638 solo
679 2561 958 2650 fruticantibus,
984 2575 1108 2632 arctos

136 2682 293 2756 Goncisa
313 2682 352 2753 in
378 2685 510 2758 calles:
536 2684 627 2757 folia
654 2682 758 2756 arida
780 2682 901 2754 dcssua
925 2679 1036 2750 ramis

135 2805 291 2874 Terram
311 2820 446 2900 augent
468 2802 683 2876 intermixtis
709 2802 848 2903 passim
874 2824 1007 2899 aspera
1032 2795 1185 2868 echinis.

134 2923 215 2995 Hac
240 2925 311 2995 iter
334 2923 531 3022 implexum
555 2948 624 3024 per
649 2949 769 3022 opaca
792 2918 1008 2992 umbracula
1031 2914 1194 3016 agebant
1275 2925 1321 2994 65

135 3042 345 3116 Maeandria
369 3042 496 3133 tortis,
522 3045 704 3144 variisque
729 3040 945 3141 ambagibus
972 3038 1057 3112 acti.

135 3165 183 3234 Et
205 3163 308 3261 prior
327 3168 510 3234 extricans
536 3160 687 3254 dumos,
711 3186 909 3260 ramosque
935 3169 1114 3233 coercens

138 3280 295 3371 Sedula,
319 3307 388 3382 per
412 3281 545 3354 callem
570 3285 736 3383 exiguum
760 3281 861 3356 bona
884 3284 1000 3384 Virgo
1025 3275 1216 3382 praeibat,

136 3558 173 3612 V.
189 3559 232 3612 48.
251 3557 415 3620 Hermon,
436 3567 514 3606 mous
537 3555 724 3624 Palaestinae,
744 3568 809 3618 para
829 3553 934 3606 Libani.
948 3552 1008 3603 ios.
1026 3553 1070 3619 ii,
1091 3552 1136 3602 1⁷.
1157 3559 1218 3610 cap.
1233 3549 1277 3616 18,
1296 3553 1322 3600 t.

242 3659 354 3711 salim
372 3643 513 3726 (Σαλείμ)
533 3671 631 3732 nomen
652 3659 708 3710 ioci
724 3671 809 3721 prope
829 3657 976 3708 Jordanem
1000 3654 1024 3703 e
1040 3655 1135 3704 urbem
1151 3654 1257 3720 Aaron,
1277 3648 1322 3704 ubi

240 3750 361 3802 Joenues
379 3755 543 3816 baptizabat.
558 3752 600 3803 ci’.
612 3752 710 3802 Jcaun.
725 3753 752 3818 t,
766 3753 810 3816 et,
826 3749 924 3802 lsam.
943 3747 971 3812 9,
988 3747 1014 3799 4.

75 3897 77 3906 s
243 3843 297 3892 illc
314 3855 412 3895 versus
423 3845 452 3895 in
469 3845 540 3896 Edit.
554 3844 652 3894 Vener.
676 3843 762 3892 deest.

81 3915 84 3924 ¹
138 3933 173 3984 V.
190 3936 232 3985 aa.
243 3935 314 3984 Edit.
329 3934 426 3986 venet.
441 3947 490 3999 pro
507 3935 589 3986 Part
599 3933 703 4008 iuuenis
717 3935 827 3984 scribit:
844 3927 970 3982 Nauaris.

139 4025 175 4075 V.
187 4027 230 4077 66.
246 4027 459 4079 Maeandrus
478 4027 576 4078 ilarius
593 4025 622 4075 in
642 4025 759 4090 Phrygia
784 4033 885 4089 magns
899 4021 1024 4070 sinuosus
1043 4019 1173 4070 flexibus:
1192 4018 1254 4070 linc
1267 4025 1324 4065 um·

243 4129 293 4167 nes
313 4117 486 4182 obliquitates
502 4123 530 4169 et
544 4119 673 4182 ambages
696 4116 836 4167 Maeandri
854 4115 986 4164 dicuntur.
1011 4111 1079 4161 Plin.
1099 4116 1126 4176 t,
1140 4113 1184 4178 89,
1199 4111 1241 4162 sl.
1263 4106 1321 4158 (iic.

243 4208 298 4258 ris.
318 4211 361 4258 aa.
378 4210 447 4260 aen.
466 4211 509 4275 ia,
523 4211 549 4261 e.
576 4195 578 4199 ’

245 4301 315 4352 Edit.
329 4300 428 4351 venet.
443 4311 492 4363 pro
507 4303 582 4352 tiae
593 4296 715 4352 andria
730 4301 809 4350 tort
819 4298 852 4348 is
863 4295 884 4348 1.
901 4296 1051 4350 Maeandru
1066 4293 1174 4344 innexo.
