2990 4906
518 1867 953 1971 lae-ocor}

628 2055 855 2129 sun

243 2333 382 2404 Nostra
407 2345 529 2402 aetate
564 2350 678 2428 quum
712 2327 831 2428 magis
855 2325 1047 2428 magisque
1078 2329 1239 2408 studium
1261 2331 1345 2416 last

140 2497 279 2544 norum
301 2487 516 2572 poetarum,
550 2470 614 2570 qui
644 2469 862 2564 recentioris
886 2473 1195 2575 sunt‘temporis,
1218 2507 1342 2559 resus-

149 2611 279 2686 citetur
312 2638 383 2686 nec
424 2639 502 2686 non
546 2612 754 2704 recolatur,
796 2639 819 2704 o
848 2613 956 2705 viris,
997 2614 1062 2716 qui
1094 2617 1133 2689 in
1165 2589 1342 2700 Veterani

144 2755 387 2856 scriptoribus
420 2755 625 2829 tractandis
657 2773 695 2828 et
718 2755 1026 2856 interpretandis,
1068 2775 1181 2860 atque
1211 2765 1251 2842 iu
1282 2769 1339 2870 ju.

43 2933 48 2940 ·
141 2913 292 2969 ventute
332 2896 522 2971 literarum
568 2897 757 2971 studiosa¹
781 2897 1006 2970 instituenda
1050 2925 1337 3005 consenuerunt,

140 3021 323 3154 admoniti
362 3041 514 3113 Cerae
554 3039 843 3141 pulcherrimum
886 3040 1131 3140 omnibusque
1173 3053 1336 3127 numeris

140 3180 353 3256 absolutum
377 3207 513 3284 poema
536 3183 700 3271 „lesus
725 3183 883 3268 Puerf‘,
909 3180 1012 3278 quod
1036 3184 1074 3254 iu
1099 3185 1335 3267 librariorum

136 3323 307 3408 tabernis
329 3339 501 3424 prostare
527 3322 655 3416 desiit,
681 3322 728 3394 de
753 3323 898 3423 integro
922 3323 1022 3433 typis
1048 3324 1335 3408 describendum

135 3484 173 3540 et
199 3483 382 3568 quantum
405 3465 485 3540 fieri
508 3467 646 3568 potuit,
673 3463 943 3538 emendandum
961 3469 1177 3544 curavimus.
1204 3553 1208 3560 ,
1229 3471 1333 3574 Quae

134 3635 197 3683 res
222 3607 355 3698 nobis,
400 3608 465 3708 qui
497 3635 574 3684 uon
607 3607 727 3681 solum
759 3624 922 3682 veterum
953 3624 1165 3720 poctarum,
1203 3629 1330 3686 rerum

134 3751 248 3822 etiam
274 3750 523 3825 recentiorum
544 3750 665 3826 studio
697 3751 772 3850 jam
798 3767 883 3821 unte
911 3748 1208 3842 delectabamur,
1243 3777 1327 3852 gra.

130 3894 277 3968 tissima
300 3894 416 3984 venit,
457 3895 758 3997 provinciamque
789 3892 1050 3990 demandatam
1071 3893 1327 3972 lubentissime

130 4033 258 4112 bnimo
296 4037 535 4138 suscepimus,
585 4039 704 4138 Quam
734 4037 784 4110 ob
819 4033 902 4110 rerfi
936 4052 1114 4136 quantum
1145 4037 1325 4142 temporis

128 4203 263 4254 munus
287 4175 495 4277 publicum,
522 4206 596 4281 quo
620 4179 825 4282 fungimur,
849 4175 1032 4280 reliquum
1047 4178 1154 4272 fecit,
1180 4206 1323 4258 summa

50 4385 57 4407 x
126 4325 316 4426 voluptate
343 4320 488 4398 Gerae
512 4322 794 4424 impertivimus,
819 4321 884 4423 qui
908 4320 1135 4396 eruditorum
1158 4323 1319 4399 uirorum

1463 3695 1465 3722 t

1462 3761 1464 3803 l

1460 3833 1463 3856 ι

1460 3859 1463 3924 l

1460 3931 1462 3960 l

1453 4061 1460 4179 t

1455 4187 1458 4294 ς

1452 4299 1457 4412 l
