2960 4908
578 221 922 319 maanus

136 417 302 510 Utiliter,
327 417 473 512 miseri,
498 442 566 490 sua
590 419 749 518 quisque
775 418 949 518 adsigna
973 439 1154 518 sequaces

134 541 310 614 Mortales
334 541 476 612 trabutt
501 539 573 639 ipsi
598 556 720 611 autem
743 540 781 612 in
807 566 873 613 sua
899 540 1034 611 damna
1054 538 1214 613 vicissim

62 733 64 738 ,
134 661 240 732 Hane
264 678 423 734 vestram
446 658 618 769 dirimant
643 658 737 733 odiis
763 677 801 732 et
825 661 1000 760 sanguine
1025 659 1138 734 litem.
1270 668 1318 748 40

137 779 198 851 Sic
226 783 290 858 ait.
340 779 488 852 Inferno
512 779 652 880 placuit
677 781 858 852 sententia
881 781 960 879 regi
966 807 979 875 3

136 898 362 998 collatisque
387 898 495 972 simul
522 899 727 973 cervicibus
753 926 948 972 assensere

136 1016 350 1092 Concordes
376 1045 517 1094 omnes.
568 1019 643 1092 Olli
668 1019 754 1093 data
780 1047 870 1094 curn
892 1046 961 1121 per
984 1020 1115 1094 orbem

109 1135 247 1214 'Ferre
272 1158 328 1214 tot
353 1140 543 1241 ambiguas
567 1139 692 1232 tricas,
719 1168 812 1242 quas
839 1167 947 1215 saeva
971 1142 1039 1215 sub
1066 1143 1167 1215 Oreo

134 1259 300 1333 Edidieit
323 1261 436 1361 prius,
463 1277 500 1333 et
525 1260 640 1334 libros
667 1263 818 1356 digessit
843 1263 881 1334 in
907 1262 1049 1364 amplos
1274 1269 1320 1348 45

130 1380 203 1450 Per
229 1382 369 1482 capita.
419 1378 508 1452 Inde
536 1380 630 1455 dolis
655 1383 832 1455 instructa
857 1401 970 1482 atque
996 1399 1074 1455 arte
1099 1381 1261 1456 nocendi

131 1499 310 1572 Protinus
335 1502 545 1600 Aegyptum
570 1519 680 1601 atque
705 1502 818 1576 Afros
843 1505 1043 1603 Asiamque
1067 1528 1319 1603 peromnem,

132 1619 245 1690 Nune
274 1620 354 1709 has,
379 1645 478 1692 nune
502 1621 583 1694 illas
609 1621 721 1694 Erebi
746 1621 817 1694 sibi
842 1623 973 1695 sedula
996 1641 1136 1695 turmas

132 1736 352 1837 Adjungens
376 1737 512 1828 tabem,
540 1744 711 1841 contagia
735 1742 889 1842 diraque
917 1743 1063 1842 sparsit.

134 1860 189 1928 Ex
212 1859 281 1931 illo
306 1860 387 1958 quis
414 1860 550 1933 acerba
573 1862 701 1949 tirum,
728 1863 809 1956 quis
834 1862 965 1931 funera
989 1858 1105 1932 fando
1277 1877 1323 1946 50

135 1979 359 2074 Fatalesque
383 1978 481 2050 vices
507 1976 715 2049 memoret?
740 1980 929 2076 Nusquam
954 1977 1017 2049 illa
1044 1980 1192 2078 quievit,

136 2100 211 2169 Tot
237 2121 320 2170 sese
341 2097 380 2168 iu
405 2094 521 2169 facies
547 2097 664 2186 vertit,
687 2113 743 2169 tot
767 2099 920 2168 nomina
942 2099 1064 2188 sumit,

136 2217 302 2292 Urbibus
327 2240 521 2318 opponens
547 2217 670 2307 urbes,
694 2241 810 2316 regua
836 2242 969 2317 aspera
991 2217 1131 2318 reguis.

136 2341 221 2412 Neo
241 2363 357 2428 mora,
383 2361 455 2408 nee
481 2337 647 2436 requiest
667 2336 768 2412 volat
794 2336 949 2410 exitialis
975 2339 1148 2441 Erinnys,

134 2460 266 2534 Hostis
291 2455 448 2546 aeerba,
472 2456 591 2548 ferox,
617 2458 714 2532 civili
739 2459 917 2557 sunguine
943 2459 1123 2560 gaudeus,
1277 2476 1324 2546 55

138 2579 358 2668 Ambitiosa,
382 2595 504 2667 tenax,
520 2577 728 2678 popularis,
752 2577 905 2678 perfida,
930 2577 1099 2650 mendax.

138 2701 234 2790 Hoe,
260 2699 397 2799 superi,
420 2718 635 2791 monstrum,
660 2699 757 2771 haue
781 2698 889 2771 terris
915 2698 1064 2771 avertite
1086 2715 1239 2803 pestem.

241 2819 317 2890 Sed
338 2821 414 2919 jam
436 2822 617 2921 puniceos
643 2842 798 2917 surgens
824 2844 959 2890 aurora
983 2836 1139 2918 penates

144 2940 313 3013 Allatura
338 2940 436 3014 diem
460 2968 570 3016 roseo
596 2954 781 3014 reserarat
801 2937 974 3036 Olympo.

144 3059 302 3132 Nauarei
326 3083 413 3131 vero
438 3060 524 3132 loca
547 3086 616 3160 per
635 3058 815 3132 silvestria
831 3056 972 3129 circum
1280 3072 1325 3143 50

143 3178 403 3277 Nequiequam
427 3179 601 3270 exierant,
627 3196 740 3278 atque
768 3191 988 3272 errantque
1014 3174 1153 3275 oppida
1176 3177 1251 3251 late

143 3296 315 3397 Undique
336 3298 546 3390 lustrarent,
575 3299 793 3388 Carmelum,
818 3294 975 3394 Gulgala
1000 3313 1037 3366 et
1061 3321 1208 3370 omnem

144 3418 317 3492 Jordanis
341 3419 485 3500 vallem.
535 3423 674 3496 Verum
698 3444 784 3521 spes
808 3417 911 3490 irrita
934 3443 1081 3492 rursum

145 3663 180 3714 V.
200 3664 243 3716 88.
278 3663 350 3714 Edit.
368 3666 467 3716 venet.
484 3677 534 3729 pro
551 3664 672 3718 miser!
688 3664 708 3716 1.
726 3663 805 3716 sueti.

146 3754 182 3805 V.
200 3754 244 3807 te.
281 3755 370 3807 Editio
388 3759 510 3809 Veneta:

353 3845 511 3916 adjungens
528 3827 620 3900 tabern
635 3839 693 3899 leto
711 3849 741 3898 et
756 3846 885 3912 contagia
901 3847 1011 3910 spmlt.

146 3937 185 3988 V.
201 3938 244 3988 tt.
280 3937 440 4002 Erinnys.
458 3941 507 4007 111,
525 3942 587 3993 46³.

145 4027 244 4080 Ut.
281 4026 469 4080 Carmelus.
488 4031 511 4098 1,
530 4033 592 4085 tet.

324 4119 470 4185 Gilgalu
487 4121 622 4190 (sugat,
641 4121 751 4187 Gilgnl)
767 4121 834 4172 urbs
850 4101 1022 4172 Palaestinae
1038 4130 1122 4182 prope
1139 4119 1287 4172 tardarem
1303 4122 1331 4170 et

284 4210 405 4262 tertona.
442 4213 501 4264 Jos.
520 4215 547 4279 4,
567 4215 610 4267 tt.
644 4213 756 4277 loseph.
775 4214 885 4278 antiqq.
903 4213 1020 4282 s,1.4.

148 4300 245 4356 Mt.
281 4304 423 4356 Jordan.
442 4303 477 4372 11,
497 4305 557 4357 tat.
