2960 4908
551 265 799 338 creua
835 265 882 342 v.
1068 257 1093 346 ι’
1312 279 1362 346 or

173 467 393 558 Osocii,o
419 463 609 566 quondam
634 460 733 536 coeli
752 485 843 562 gens
867 460 995 535 incola
1008 461 1220 551 summi,
1275 467 1361 542 iiiii
1458 487 1463 500 ··

172 594 274 694 Quos
295 588 421 662 odium
445 609 618 686 superum
641 599 816 657 retusrm
768 579 1006 682 implacabile
1030 597 1244 683 torquet,

171 715 280 786 Nunc
307 725 432 783 vetera
454 705 585 778 ulcisci
609 721 773 804 tempus,
796 729 896 776 nuuc
920 703 1002 802 jura
1025 703 1135 798 tueri,

168 835 280 906 Nunc
305 829 363 902 fas
390 827 579 950 antiquam
594 852 670 926 per
693 825 768 900 vim
792 823 998 897 decernere
1018 823 1134 896 litem.

173 952 269 1024 Sunt
294 948 438 1022 nobis
427 973 628 1020 immensae
655 946 755 1019 acies
784 963 1032 1044 extremaque
1044 949 1201 1044 pussa03

172 1069 356 1172 Quodque
384 1087 512 1169 caput,
539 1069 675 1140 nostris
703 1067 826 1146 divina
842 1069 1018 1140 exhausta
1040 1081 1209 1166 potestas
1295 1073 1366 1147 290

173 1191 394 1292 Suppliciis,
419 1213 490 1266 nec
514 1189 648 1280 habet,
675 1189 766 1290 quid
790 1186 1074 1289 desperantibus
1098 1185 1224 1258 addat.
1288 1211 1317 1249 r:

174 1314 278 1411 Quae
303 1309 414 1382 fuerit
438 1335 519 1382 sors
546 1335 714 1412 cunque,
739 1311 779 1382 iu
803 1312 950 1381 Numen
976 1325 1117 1382 vertere
1142 1331 1336 1406 magnumw

173 1430 332 1514 Lucifer
350 1455 453 1504 arma
475 1428 597 1529 jubet,
625 1431 839 1530 patriasque
865 1453 1065 1527 reposcere
1091 1425 1212 1518 sedes,¹
1291 1485 1294 1490 .

176 1548 286 1622 Sidus
311 1550 584 1649 hyperboreum
611 1575 724 1652 supra
747 1549 965 1650 gelidosque
990 1548 1142 1622 triones.

172 1668 432 1768 Exscindenda
455 1670 643 1742 hominum
667 1671 788 1771 primo
813 1669 924 1769 strips
943 1667 1107 1741 funditus
1124 1668 1257 1759 omnis,
1296 1680 1366 1752 295

170 1789 370 1888 Reptilium
397 1805 433 1860 et
457 1789 645 1862 volucrum
671 1809 708 1863 et
731 1790 917 1892 pecudum
943 1813 1076 1888 genus.
1102 1789 1255 1890 insuper
1283 1787 1371 1928 ipsa

170 1907 438 2002 Detestanda'
428 1915 505 2007 igni
527 1895 656 2002 tellus3
683 1912 770 1982 hinc
795 1919 882 1982 a'e're
909 1934 1025 1982 coeco

169 2031 242 2100 Per
266 2028 443 2110 medios
433 2053 537 2127 ignes
559 2053 629 2130 per
653 2025 770 2098 densa
792 2026 980 2101 volumina
1004 2027 1097 2101 fumi

170 2147 308 2220 Ibimus
333 2148 372 2218 in
398 2172 566 2246 superos.
616 2151 801 2218 Memores
826 2163 951 2218 tamen
978 2149 1049 2218 ista
1073 2163 1221 2222 tenetes
1406 2245 1408 2250 ,

174 2268 216 2339 si
239 2266 318 2340 fors
345 2265 550 2338 coelicolae
575 2267 710 2368 trepidi
735 2267 964 2342 venientibus
987 2267 1099 2344 ultro,
1277 2279 1373 2348 500*

173 2387 403 2478 Aunuerint,
431 2404 468 2459 et
487 2413 603 2486 regna
628 2388 739 2461 velint
765 2388 916 2488 antiqua
940 2388 1095 2490 pacisci,
1141 2437 1145 2450 ,

157 2508 380 2607 'Partirique
400 2508 510 2608 polos
536 2508 634 2580 haud
658 2508 931 2584 conditionibus
956 2513 1107 2610 aequis3

173 2631 232 2703 Ne
259 2631 456 2728 quisquam
478 2628 648 2701 indecori
673 2629 867 2728 obsequio,
892 2631 990 2706 velut
1007 2629 1153 2730 indigus
1169 2630 1327 2732 hospes,¹
1373 2685 1376 2690 -

174 2751 346 2824 Aetheris
371 2750 410 2822 in
435 2765 579 2848 partem
603 2749 746 2821 veniat:
772 2749 892 2850 rigido
919 2752 1044 2824 omnia
1066 2752 1147 2852 jure
1212 2799 1228 2814 ..

173 2870 237 2944 Nil
261 2870 433 2969 precibus
451 2870 648 2969 positoque
674 2897 773 2971 genu
792 2872 973 2970 veniaque
1007 2871 1230 2972 petendum..
1299 2881 1370 2950 505
1415 2923 1418 2928 -

176 2990 368 3081 Condicta,
395 3016 418 3062 o
444 2990 549 3077 socii,
575 3016 635 3061 res
662 3009 761 3062 estor
786 2991 927 3090 jungite
953 2989 1119 3062 dextras:

88 3129 91 3142 ·
170 3111 284 3182 Nunc
305 3109 409 3182 locus
434 3126 555 3182 eires
581 3108 662 3210 ipsa
685 3127 805 3204 vocat,
832 3135 931 3182 nuno
957 3109 1059 3181 facta
1082 3127 1261 3210 potestas.
1354 3185 1357 3193 ,

177 3229 296 3317 Hunc,
321 3229 429 3328 agite,
457 3229 666 3302 abstrusum
689 3230 843 3302 latebris
869 3228 1047 3328 exquirite
1071 3257 1226 3331 parvum

177 3348 474 3449 Ambiguumque
502 3351 633 3442 Deum,
661 3376 772 3449 quem
796 3350 964 3422 Numinis
990 3375 1072 3423 esse
1097 3377 1267 3427 veremur

174 3470 396 3570 Progeniem
420 3471 563 3572 magni3
589 3471 710 3562 nohis,
737 3472 770 3546 si
795 3471 962 3572 creverit,
987 3470 1075 3545 olim
1298 3486 1369 3556 510

181 3591 386 3664 Venturum
414 3594 535 3668 exitio
572 3593 742 3695 Captivus
768 3589 817 3664 ad
841 3591 966 3664 infima
990 3619 1160 3694 quaeque

176 3755 212 3808 V.
232 3760 292 3810 29³.
310 3759 462 3810 Lucifer
483 3775 626 3826 supremus
649 3761 819 3812 diabolorum
835 3773 1025 3825 nonnunquam
1040 3763 1148 3814 illelius.
1184 3759 1243 3810 Jes.
1264 3761 1307 3828 14,
1325 3762 1371 3818 it

377 3865 400 3900 ὓ.

176 3929 212 3980 V
231 3897 293 3982 rar.
313 3853 755 3997 diiudiiperuoreum‘
723 3919 822 4003 (νπὲρ,
845 3921 968 4004 βορέας)
995 3935 1056 3986 sive
1080 3933 1199 3998 gelidi
1232 3934 1373 3988 triones

315 4034 363 4086 Le
374 4036 582 4105 septentriones,
601 4041 663 4088 sunt
678 4042 782 4100 septem
801 4039 911 4106 stellae,
931 4049 998 4101 quae
1014 4036 1113 4087 (irasci
1129 4019 1255 4101 ἅμαξαι,
1279 4039 1372 4090 Latini

316 4126 466 4189 plaustrum
484 4129 586 4196 dicunt,
605 4130 645 4180 iia
663 4130 744 4190 sitae,
762 4134 792 4179 ut
806 4134 901 4181 ternae
914 4129 1053 4192 proximae
1072 4132 1164 4190 speeie
1181 4130 1302 4184 eliciant
1318 4145 1371 4182 ve·

315 4217 366 4268 luti
380 4219 489 4284 trigone
507 4221 627 4289 (Gelli,
646 4223 708 4280 en:
726 4223 800 4274 Ursa
808 4219 897 4287 major
906 4225 934 4270 et
945 4222 1034 4273 minor
1046 4222 1107 4273 siro
1115 4225 1272 4290 Septentrio
1282 4218 1372 4290 major

318 4314 347 4360 et
363 4312 452 4362 minor
470 4313 701 4378 (Siebengesiirn)
722 4317 867 4366 vocantur.
903 4313 1013 4365 Vitruv.
1035 4317 1063 4383 6,
1082 4318 1125 4370 11.

178 4401 212 4454 V.
235 4403 294 4456 toi.
314 4405 385 4455 Edit.
402 4405 501 4456 Venet.
524 4417 578 4468 pro
590 4405 691 4472 agite
708 4407 728 4458 l.
747 4408 830 4471 prius.
