2960 4908
493 291 732 365 stunc
780 286 876 371 Vnt
1138 243 1145 256 ¹
1254 303 1351 380 vno

165 485 367 559 Confestim
391 511 411 558 e
437 502 551 558 strato
577 489 766 562 summotis
785 483 874 562 'luce
892 487 1057 561 tenebris
1188 571 1190 578 Α
1276 501 1346 571 265

162 605 318 705 Pervigil
342 606 371 676 it
394 622 494 680 tecto
516 610 649 707 parvos
674 608 830 682 inrisere
855 625 986 704 nutcs3
1019 628 1021 640 ’

162 726 220 796 Ne
244 726 393 799 veniens
418 725 549 816 turbo,
575 751 649 798 neu
672 745 790 800 tortus
811 728 982 803 verberet
1004 726 1160 800 imbers‘
1278 771 1282 780 =

162 847 271 954 llaud
296 848 402 920 aliter
426 847 542 945 Virgo
566 849 823 946 praesentibus
849 849 967 922 exeita
992 847 1103 937 curis,

162 968 308 1064 Proque
332 967 407 1039 suis
432 967 508 1065 jam
532 985 610 1038 tum
633 986 751 1041 mater
776 967 953 1042 fidissima
977 967 1145 1058 alumnis,
1193 971 1199 980 “

162 1087 331 1159 Assensit
356 1086 482 1177 dictis,
508 1114 655 1189 unaque
680 1089 805 1162 adiere
829 1089 1008 1180 Puellum,
1279 1098 1351 1166 270

162 1209 285 1304 Atque
309 1207 412 1306 prior
436 1209 582 1308 trepido
609 1210 774 1283 Genitrix
798 1209 853 1281 sic
879 1235 945 1281 ore
969 1207 1117 1283 locutas
1174 1217 1177 1222 '

165 1326 197 1398 Ο
225 1351 420 1426 superum,
443 1356 465 1401 o
493 1329 588 1402 coeli
614 1347 758 1420 rector,
783 1329 910 1402 rnundi
935 1328 1075 1402 arbiter
1098 1351 1204 1415 unus,

162 1446 278 1536 Nate,
305 1447 427 1524 audin’
453 1475 548 1548 quae
571 1448 672 1522 bella
691 1466 791 1524 vetus
816 1475 911 1523 nova
931 1449 1084 1522 suscitet
1107 1446 1236 1536 hostis,

162 1564 325 1663 Virginis
352 1594 454 1640 arma
477 1569 595 1663 ultus,
621 1595 732 1645 caesa
757 1570 828 1644 sibi
852 1569 1045 1670 nuper-ad
1071 1593 1155 1642 aras

162 1687 315 1785 Virgine
338 1688 538 1762 Idumaea?
562 1708 675 1789 utque
700 1691 867 1763 homines
895 1688 1090 1763 adsciverit
1114 1684 1238 1761 ultra?
1279 1699 1351 1765 275

163 1806 286 1905 thue
314 1807 457 1908 (nefas)
482 1810 579 1883 falso
604 1810 782 1883 Judaeum
805 1810 954 1882 numine
979 1826 1099 1883 tentet

163 1926 328 2016 Fallere,
355 1929 387 2000 si
412 1947 543 2026 queat,
570 1947 608 2000 et
629 1931 769 2027 stygios
794 1928 971 2001 inducere
997 1927 1148 1998 cultus?

59 2067 63 2076 ·
161 2049 232 2117 Per
257 2046 474 2118 Genitorem
498 2073 587 2141 oro,
612 2072 681 2147 per
707 2045 825 2116 sancti
849 2043 984 2117 flamen
1007 2045 1168 2135 AmoriS,

164 2165 273 2265 Quod
298 2167 435 2266 spiras,
461 2182 557 2237 tetra
581 2166 739 2264 caligine
765 2164 906 2238 discute
931 2185 1074 2242 mentes
1391 2265 1393 2269 ι

162 2285 402 2378 Nazaridum3
426 2289 646 2385 Numenque
671 2303 771 2358 tuum
798 2286 848 2377 (si
873 2289 1058 2386 poscimus
1084 2311 1215 2386 aequa,
1280 2299 1351 2368 280

163 2406 204 2477 Si
228 2405 306 2494 fas,
332 2407 444 2496 Dira,
470 2410 623 2507 precor)
652 2407 804 2480 coelesti
829 2407 867 2477 in
892 2405 1028 2478 lumine
1052 2407 1188 2508 pande.

161 2525 312 2622 Adjecit
337 2527 466 2616 Pater,
492 2546 532 2599 ut
558 2526 745 2626 quondam
771 2526 953 2598 Simeonis
979 2529 1018 2597 in
1042 2528 1138 2600 ulnis

160 2645 347 2715 Promissa
371 2645 464 2720 haec
491 2647 620 2719 eadem
646 2619 789 2717 (ulerat.
841 2648 938 2745 Quin
964 2646 1123 2718 candida
1143 2645 1258 2744 Virgo

163 2764 356 2851 Subdidit,
381 2785 421 2840 ut
444 2793 602 2840 noscens
629 2765 750 2838 divina
775 2767 813 2836 in
838 2767 922 2838 luce
946 2765 1143 2840 ridendum

163 2888 213 2959 Se
237 2888 390 2963 dederat
417 2887 605 2989 quondam
628 2886 860 2985 pastoribus3
887 2903 1000 2982 utque
1024 2901 1187 2958 remotos
1279 2897 1348 2966 285

162 3009 340 3080 Traxerat
365 3034 455 3082 eccs
480 3005 677 3078 manifesto
703 3004 861 3074 Numine
886 3027 1006 3101 reges.

161 3127 270 3198 Nunc
296 3127 427 3198 eadem
451 3124 604 3224 supplex
629 3125 763 3210 Mater,
791 3120 1018 3220 genibusqne
1043 3121 1166 3196 voluta

161 3246 474 3346 illacrymansque
498 3270 612 3341 rog03
640 3260 702 3313 aut
726 3241 885 3339 (tantum
911 3241 942 3312 si
968 3258 1134 3340 tempora
1158 3243 1288 3317 forsan

160 3370 274 3438 Ferre
300 3366 458 3466 negant)
486 3363 617 3436 saltem
642 3363 695 3432 sic
721 3380 758 3434 te
783 3362 953 3461 permitte
977 3361 1103 3452 videri,

163 3486 245 3575 Sic,
271 3487 440 3584 inquam,
464 3502 504 3557 ut
527 3484 667 3583 pariter
690 3482 806 3554 luteas
813 3535 825 3570 ,
853 3508 922 3553 ceu
945 3481 1071 3556 nubila
1096 3482 1213 3558 solem
1276 3496 1346 3564 290

162 3605 271 3677 Clara
287 3622 436 3705 teguntr
460 3621 587 3701 tuque,
613 3601 718 3691 alme,
745 3619 852 3701 potes
875 3613 1098 3701 componere
1114 3620 1319 3701 utrumque.

161 3725 313 3798 Talibus
338 3723 499 3799 instabat
525 3722 645 3813 dictis,
672 3721 915 3822 manibusque
941 3721 1068 3795 decori

160 4001 195 4053 V.
214 4004 276 4054 att,
294 4001 443 4065 Virgine
461 4001 638 4051 Idumaea.
657 3995 731 4065 vm,
750 3999 793 4049 66.
814 3999 865 4051 its
881 4011 956 4064 seqq.

159 4093 193 4143 V.
214 4095 274 4144 282.
294 4092 477 4142 Simeonis.
497 4091 554 4141 cfr.
575 4092 641 4140 Luc.
661 4092 687 4158 2,
706 4093 740 4144 tt
757 4101 833 4155 seqq.

159 4183 193 4233 V.
213 4185 274 4235 286.
292 4184 384 4234 Eoos
401 4193 513 4248 reges.
533 4181 580 4249 111,
600 4183 661 4233 408.

157 4275 193 4326 V.
212 4278 263 4330 29²
281 4279 310 4327 ct
326 4276 387 4328 89³.
405 4275 476 4324 nuit.
495 4273 593 4324 Venet.
613 4273 763 4326 contrahis:

367 4365 476 4418 Talibus
493 4364 615 4417 lucebat
629 4364 725 4432 utens,
743 4365 826 4426 simul
846 4364 942 4416 oscula
959 4362 1042 4414 tronti
