2990 4906
530 149 541 180 Ι

133 267 180 337 28
560 253 892 326 LIBEllll.

132 447 333 548 iuglandes
357 449 539 549 prunique
564 449 766 550 humilique
792 476 836 523 ex
861 449 994 522 arbore
1019 449 1109 523 ficus
1247 468 1319 541 155

134 569 322 641 Consertis
346 571 477 659 ramis,
502 589 721 670 praetexunt
743 571 906 671 undique
932 570 1075 642 callem.
1130 629 1139 643 Ι

133 687 339 764 Gernuntur
365 707 506 763 veteres
530 707 650 766 turres
676 711 787 792 atque
812 690 951 792 oppida
974 690 1103 788 longe,

132 813 354 886 Immensum
379 835 593 912 camporum
618 839 758 912 aequor
781 837 1044 911 nemorumque
1071 835 1260 900 recessus,

131 930 363 1028 Auditurque
389 929 516 1030 fragor
540 935 727 1024 torrentis,
755 958 865 1032 quem
891 959 979 1007 cara
1005 930 1131 1004 subtus

131 1051 248 1124 Vallis
276 1051 350 1148 agit
371 1076 441 1150 per
464 1077 629 1128 semesae
655 1054 810 1128 declivia
830 1053 953 1153 ripae:
1206 1075 1207 1086 ¹
1249 1063 1321 1128 160

74 1211 77 1226 ·
130 1172 226 1242 Hinc
251 1171 321 1242 iter
344 1170 383 1242 in
406 1173 565 1270 patriam
589 1200 785 1248 nemoroso
807 1173 952 1246 tramite
977 1170 1121 1264 villam,

132 1293 250 1397 Quam
276 1289 332 1362 sol
355 1315 542 1392 purpureo
564 1294 720 1368 devexus
745 1293 881 1365 lumine
907 1295 1063 1364 inaurat.

228 1413 278 1482 At
301 1411 408 1510 pueri
431 1413 592 1508 interea,
619 1442 712 1515 quos
737 1440 814 1488 non
838 1414 1006 1485 retinere«
1023 1427 1188 1512 potestas
1213 1461 1216 1466 -

78 1581 85 1608 .
129 1530 215 1604 Ulla
239 1529 325 1620 fuit,
349 1531 484 1631 raptim
510 1533 651 1606 celeres
674 1534 714 1605 in
738 1551 838 1606 tecta
863 1533 1049 1621 volarunt,

129 1653 252 1748 Aegre
279 1651 438 1722 animam
459 1677 550 1751 prae
574 1652 714 1726 laetitia
740 1677 922 1751 cursuque
947 1652 1156 1741 trahentes,
1247 1663 1317 1730 165

129 1769 267 1842 Nuntia
291 1771 452 1845 laetitiae
476 1773 606 1872 pubes.
658 1773 769 1846 Volat
792 1772 892 1844 illico
918 1771 1037 1865 fama5

128 1889 188 1961 Fit
213 1888 355 1962 clamor
377 1890 485 1966 tectis
491 1919 503 1986 3
529 1892 667 1965 Mariae
693 1893 859 1993 evulgata
883 1891 1115 1991 propinquae

129 2008 290 2082 Nomina
314 2009 414 2081 laeta
435 2028 589 2084 sonante
615 2015 746 2113 strepit
769 2011 888 2085 omnis
913 2037 1096 2082 murmure
1120 2035 1250 2110 pagus.

129 2129 192 2202 Ad
216 2130 405 2204 Deboram
430 2130 592 2227 Samuel,
620 2131 669 2204 ad
694 2132 824 2204 Saram
849 2131 994 2206 devolat
1017 2132 1172 2227 Esther,

131 2249 348 2349 contiguam
372 2251 560 2326 Zambrim
585 2252 727 2326 foribus
754 2252 923 2324 Susanna
946 2251 1122 2347 vocabat3
1246 2221 1343 2333 170‘

129 2369 231 2441 Haeo
258 2369 411 2468 specula
435 2396 479 2440 ex
503 2370 578 2442 alto
605 2370 810 2442 Sulamitim
820 2422 832 2464 ,
857 2373 950 2442 haec
975 2370 1073 2442 laeta
1097 2370 1270 2444 fenestris

132 2490 207 2562 Ore
232 2504 356 2560 exerto
381 2489 564 2562 Amarimz
589 2490 718 2562 Jessea
741 2488 883 2588 puella,
910 2487 1077 2578 sodales,

133 2609 294 2701 Clamat,
320 2609 375 2680 io!
400 2608 575 2684 reducem
597 2610 673 2709 jam
693 2608 847 2681 nuncius
874 2607 967 2680 alter
992 2624 1029 2680 et
1054 2609 1148 2709 alter

130 2729 280 2802 Retulit.
331 2729 500 2800 Exoritur
525 2729 684 2817 clamor,
707 2728 902 2826 variaeque
926 2727 1086 2801 vicissim
1270 2802 1273 2809 ,

134 2849 338 2920 Scitantum
360 2872 488 2922 vocest
514 2847 581 2920 sed
606 2866 643 2922 et
667 2849 739 2949 ipsi
765 2847 930 2920 cruribus
955 2847 1059 2919 hirtis
1066 2902 1079 2938 ,
1246 2865 1315 2930 175

132 2969 269 3042 Audito
294 2969 466 3068 strepitu,
491 2969 645 3042 lacubus
671 2968 735 3068 qui
758 2969 842 3042 rina
865 2966 1094 3066 premebant,
1228 3066 1230 3072 Ι

132 3089 289 3162 Attoniti
315 3107 480 3178 cessant,
509 3107 546 3161 et
572 3116 667 3188 quae
692 3115 787 3163 nora
811 3086 944 3186 gaudia
965 3102 1155 3186 poscunt.
1286 3129 1292 3143 .

132 3210 407 3309 Prodibantquc
433 3210 547 3284 rubro
573 3209 711 3310 depicti
735 3232 895 3307 corpora
918 3223 1048 3280 musto.

131 3331 286 3428 Jamque
314 3332 383 3402 iter
407 3331 620 3404 accelerans
644 3345 878 3430 processerat
903 3327 1011 3401 obvia
1036 3325 1174 3428 campis

135 3451 315 3540 Susanna,
341 3450 425 3523 huic
446 3449 573 3528 Judirh
597 3475 720 3522 comes
746 3448 835 3538 ibat,
860 3447 1089 3548 pulchraque
1103 3447 1215 3520 Elisa.
1244 3461 1314 3529 180

133 3574 213 3644 Neo
239 3572 389 3674 longum
413 3571 452 3642 in
476 3570 598 3644 medio
623 3588 788 3673 tempus,
816 3594 898 3641 cum
922 3568 999 3640 visa
1022 3593 1091 3668 per
1115 3567 1232 3641 ulmos

10 3781 11 3784 Ἴ
133 3696 277 3791 Perque
302 3690 456 3766 humiles
480 3691 569 3768 vites
594 3691 755 3763 herboso
780 3688 954 3762 incedere
979 3688 1092 3779 clivo,

10 3907 11 3916 ἵ
133 3812 336 3888 Pomiferos
360 3811 457 3882 inter
480 3812 675 3910 peregrina
699 3813 885 3909 Puerpera
909 3833 1042 3880 ramos.

133 3933 325 4030 Agnovere
351 3930 481 4031 procul
503 3948 643 4022 vestes,
667 3930 911 4026 lacrimasque
938 3926 1094 3998 dedere:

133 4055 218 4136 Mor
242 4049 409 4150 plausum
433 4051 618 4150 ingentem
642 4049 784 4138 tollunt,
810 4073 883 4147 quo
900 4065 1076 4146 personat
1088 4048 1217 4122 aether
1242 4059 1313 4128 185

11 4221 13 4242 .
133 4176 181 4254 Et
205 4170 428 4268 circumjecti
453 4169 567 4248 colles
590 4169 776 4267 vallesque
800 4165 989 4242 resultant.

132 4305 546 4324 —m

135 4349 170 4400 v.
183 4353 241 4404 tta.
256 4351 381 4402 Jessea
398 4347 532 4411 puella.
552 4343 595 4400 Cf.
613 4306 716 4416 Bm

1477 3528 1485 3568 l
