2990 4906
613 217 852 287 LIBER
900 217 928 288 1.

146 399 379 484 -Tum‘rero
403 409 531 482 infelix
556 434 712 510 sponsus
737 413 906 512 quatiens
930 411 1026 512 pede
1050 429 1198 502 terram,

172 537 221 606 Et
244 533 358 605 scissa
383 530 598 603 endromide
624 548 661 603 et
682 531 894 632 chlamyde,
920 532 1139 632 abjectoque
1165 531 1306 633 galero,

172 657 373 754 ingratam,
399 653 651 725 immemorem
663 702 675 747 ,
707 651 877 747 infidam,
903 672 1159 763 agrestemque
1184 679 1330 745 vocare,

172 776 316 848 Premia
341 773 400 846 oui
424 773 512 846 ludo
537 775 655 848 victae
680 771 735 844 nil
757 773 832 844 tale
856 777 1014 848 merenti
1282 785 1354 861 090

169 897 252 967 Heu
278 894 429 966 demens
449 895 601 967 tulerat:
628 920 726 968 nunc
752 895 859 968 donis
883 920 1017 996 nempe
1042 887 1202 998 superba

169 1017 376 1088 Promissus
391 1015 494 1114 ,fugit
518 1015 582 1086 illa
606 1031 720 1088 toros.
770 1014 873 1086 Furit
896 1012 1086 1116 improbus
1111 1041 1249 1107 amens,

169 1139 220 1208 Et
241 1135 313 1207 nisi
338 1137 372 1208 vi
395 1153 545 1209 teneant
571 1153 768 1207 conantem
793 1135 938 1209 solvere
964 1151 1073 1236 capta

169 1256 347 1345 Brachia,
373 1254 469 1327 forte
494 1271 578 1326 ruat
601 1277 782 1353 praeceps
807 1255 1003 1328 moriturus
1027 1257 1066 1326 in
1092 1282 1248 1350 amnem,

172 1375 246 1446 Aut
271 1393 436 1448 sanetum
457 1392 634 1473 properet
658 1371 827 1443 manibus
853 1372 1065 1446 rescindere
1090 1392 1244 1450 textumz
1283 1389 1354 1464 095

173 1496 312 1567 Tantus
339 1497 413 1594 agit
438 1519 589 1566 caecam
609 1493 713 1565 furor
738 1508 775 1564 et
798 1493 947 1565 vesania
969 1511 1140 1568 mentem.

269 1616 319 1686 At
341 1641 418 1687 non
440 1640 551 1713 passa
577 1613 638 1684 diu
662 1613 786 1684 tristes
811 1612 1002 1686 mitissima
1025 1617 1158 1711 Mater,

170 1735 250 1806 Nec
275 1732 383 1806 donis
409 1734 559 1806 turbare
584 1733 658 1806 suis
680 1732 811 1806 solatia
836 1733 942 1806 ruris.
1149 1717 1154 1744 ’

169 1853 305 1926 Audiat
328 1851 441 1945 haec,
470 1879 581 1927 exosa
606 1853 773 1943 domum,
798 1853 905 1956 siqua
928 1855 1068 1928 innuba
1091 1859 1193 1956 virgo

169 1974 317 2046 Nubere
345 1976 497 2047 caelesti
521 2001 658 2074 sponso
683 1974 786 2046 velit:
813 1974 938 2046 audiat
961 1976 1026 2046 illa
1283 1993 1353 2060 500

163 2087 237 2166 'cui
261 2093 422 2166 thalamo
448 2093 556 2184 felix,
583 2094 642 2165 cui
667 2119 749 2166 sese
775 2093 980 2190 obstringat
1005 2097 1153 2169 amanti.

267 2215 377 2283 Forte
403 2215 442 2281 in
467 2237 616 2281 secessu
640 2211 768 2297 viridi,
795 2211 881 2278 dum
904 2209 993 2278 talia
1017 2209 1172 2304 fervent,

170 2335 264 2403 Tres
288 2329 394 2429 pueri
419 2329 538 2400 teneri
564 2344 674 2428 atque
698 2327 806 2417 boni,
833 2352 907 2425 qua
933 2327 1104 2426 carpinus
1130 2331 1259 2432 ingens

170 2451 380 2538 Floruerat,
409 2475 550 2520 summo
575 2449 754 2549 speculati
776 2449 815 2518 in
841 2447 974 2521 vertice
999 2447 1126 2521 nidum

170 2570 364 2642 Lusciniae
390 2570 496 2666 jactis
522 2552 639 2670 glebis
665 2559 835 2665 saxisque
859 2592 927 2666 per
953 2592 1060 2642 auras
1281 2581 1354 2660 405

170 2692 341 2788 Dejicere
366 2689 553 2761 instabant
559 2717 571 2783 3
596 2690 717 2789 parvis
742 2705 865 2760 tamen
889 2690 1011 2760 irritus
1037 2693 1155 2764 omnis

171 2809 390 2884 Jamdudum
417 2827 569 2882 conatus
585 2817 695 2882 erat:
723 2836 804 2882 cum
825 2809 904 2882 visa
928 2828 1083 2909 repente

170 2935 201 3002 E
226 2929 377 3002 latebris
404 2931 514 3004 silvae
534 2933 625 3001 ‘ante
650 2930 777 3003 oculos
802 2929 1050 3028 pulcherrima
1073 2931 1206 3029 imago,

170 3056 321 3125 Incessu
344 3075 496 3152 prorsus
520 3068 696 3148 gestuque
720 3047 921 3146 habituque
947 3050 1075 3120 Maria.

170 3171 238 3243 Illa
263 3186 359 3261 erat,
386 3169 451 3242 illa
474 3195 586 3241 manu
606 3173 762 3241 Puerum
788 3167 834 3238 de
859 3193 963 3239 more
986 3168 1179 3256 trahebat3
1280 3183 1354 3252 510

173 3291 248 3362 Seu
271 3291 348 3364 visa
373 3291 411 3362 in
436 3291 597 3390 speciem
622 3307 782 3378 tantum,
809 3313 875 3361 seu
898 3305 1002 3361 vecta
1025 3311 1094 3387 per
1119 3314 1227 3362 auras

173 3410 379 3510 (Quidquid
403 3410 441 3482 id
467 3413 539 3510 est)
565 3411 687 3500 medio
705 3402 831 3480 eoram
855 3406 1072 3479 nitidissima
1096 3408 1181 3483 luco

173 3531 362 3625 Substitit,
388 3531 627 3629 arridensque
653 3555 719 3604 suo
746 3527 791 3598 de
809 3551 912 3598 more
936 3527 1080 3599 locuta:

171 3651 232 3738 ΝΟ
257 3653 382 3751 pueri,
409 3670 557 3725 teneros
582 3649 682 3722 haud
705 3648 766 3720 fas
790 3647 995 3722 eon-vellere
1021 3650 1151 3738 nidos,-

171 3904 205 3952 V.
225 3907 286 3954 492.
305 3905 376 3954 Edit.
395 3906 493 3955 venet.
512 3917 560 3966 pro
580 3916 700 3952 amens
718 3903 736 3950 1.
757 3903 807 3951 ira.

171 4017 204 4064 V.
225 4018 285 4066 ³⁰³.
305 4028 380 4078 seqq.
398 4017 469 4065 nuit.
488 4017 610 4066 Veneta:

311 4106 377 4154 ures
395 4109 472 4167 pueri
489 4120 593 4158 summo
611 4105 744 4168 speculati
762 4107 790 4154 iu
808 4106 914 4155 vertice
931 4105 1025 4153 nidum·

309 4197 455 4249 lusciniae
472 4211 618 4260 appensum
635 4200 718 4250 ramis
727 4231 736 4262 ,
756 4211 809 4260 qua
827 4197 953 4258 carpinus
970 4195 1066 4260 ingens

311 4289 471 4354 meruerat,
487 4286 572 4353 jectis
589 4291 676 4354 glebis
694 4291 821 4352 saxisque
839 4301 889 4350 per
907 4298 990 4336 auras
1138 4359 1140 4364 ι

1097 4389 1116 4452 2
1126 4368 1147 4416 ᾖ
