2990 4906
180 277 202 342 2
633 270 949 339 LIBERI.

180 464 324 560 Tuque,
349 443 491 553 Infans,
515 463 656 563 pariter
679 463 858 565 pulchrae
887 463 1086 538 Genitricis
1111 465 1150 535 in
1173 465 1269 540 uluis

180 582 291 656 Visus
319 581 465 674 adesse,
491 582 605 656 rubro
631 585 830 658 sublucens
858 585 1038 658 candidus
1063 601 1177 658 ostro.

180 705 258 776 Vos
284 701 380 775 adeo
406 703 547 802 gemini
568 721 646 776 este
670 705 795 796 duces,
826 730 1046 804 cursumque
1072 704 1203 778 docete

179 827 250 896 Per
275 823 361 896 loca
383 848 484 896 nunc
509 825 668 924 primum
692 828 807 901 Latiis
827 844 1027 926 peragrata
1053 827 1261 900 Camoenis.

148 957 150 962 '
256 945 288 1016 0
315 942 431 1016 decus
456 947 674 1020 Austriacae
699 948 844 1039 Gentis,
870 949 929 1020 cui
946 946 1112 1021 subditus
1139 950 1232 1020 Ister
1326 964 1372 1030 15

181 1063 387 1136 Thracibus
407 1064 563 1165 'ereptas
591 1085 739 1140 centum
762 1068 993 1168 praelabitur
1016 1092 1121 1138 arces

179 1184 372 1259 Pannonia
396 1185 436 1256 in
461 1212 608 1286 magna,
635 1189 772 1262 teneris
798 1189 996 1261 Mavortius
1023 1188 1140 1259 aunis.

180 1307 262 1378 Jam
292 1331 391 1378 nunc
417 1332 504 1379 aere
529 1334 624 1409 puer
648 1310 825 1408 gaudens,
852 1326 887 1381 et
912 1306 1060 1408 pulvere
1087 1307 1222 1406 campi,

180 1427 565 1525 annuncians,
590 1429 622 1503 si
645 1456 719 1530 qua
744 1448 800 1504 est
825 1429 883 1504 via
907 1429 1026 1501 libera
1049 1429 1174 1516 musis,

102 1611 106 1622 ,
182 1545 223 1617 si
247 1545 337 1645 quid
362 1548 409 1620 ab
436 1553 543 1623 hoste
566 1567 673 1624 vacat
698 1552 795 1623 sacri
819 1553 915 1622 inter
940 1567 1117 1647 tympana
1142 1550 1281 1639 Martis,
1327 1562 1374 1628 20

181 1669 230 1738 Et
254 1691 389 1764 raucos
419 1669 543 1760 lituos,
570 1671 687 1743 nostri
713 1695 860 1769 quoque
887 1665 1072 1740 murmura
1097 1668 1231 1766 plectri

181 1789 332 1890 Excipe,
361 1807 398 1862 et
423 1792 761 1884 invicti„‚Genitoris
786 1792 975 1891 plausibus
1003 1789 1109 1860 adde.

181 1908 252 1980 Hic
278 1936 426 2009 quoque
453 1889 591 1985 bellum
607 1914 737 2012 ingens
756 1897 1015 2010 horrendaque
1034 1910 1189 1983 classica
1204 1909 1375 2007 utrinque

181 2029 382 2103 Instructas
409 2034 509 2106 acies
533 2034 684 2133 campis,
710 2051 901 2131 totumque
925 2032 1066 2106 videbis

183 2147 384 2249 Gonjurare
392 2154 566 2247 Erebum,-
575 2173 685 2254 atque
701 2179 849 2226 omnem
857 2153 1083 2228 descendere
1094 2153 1301 2254 Olympum.
1329 2162 1373 2232 25

183 2269 280 2368 Quin
305 2289 343 2343 et
367 2276 567 2374 sacrilegas
589 2263 793 2373 &injuncto
818 2275 971 2347 loedere
997 2273 1138 2375 praedo

183 2390 388 2465 Fraudibus
409 2394 627 2490 insidiisque
653 2413 785 2492 potens
811 2396 988 2467 seducere
1013 2394 1151 2466 frustra

185 2507 394 2582 Contendet
418 2511 589 2612 populos,
616 2538 724 2585 ausus
750 2538 832 2584 sese
859 2514 995 2585 addere
1018 2515 1106 2603 Diti,

184 2633 447 2734 Mentitamque
472 2635 591 2704 Deam
616 2631 822 2730 falsumque
837 2633 1039 2731 ,imponere
1064 2658 1213 2704 numen.

257 2752 365 2824 Unde
392 2779 541 2852 egressa
566 2752 662 2824 adeo
685 2755 799 2825 series
823 2755 961 2852 intexta
986 2754 1154 2853 supernis
1326 2763 1371 2830 50

183 2871 334 2945 Deliciis
361 2871 492 2963 diuum,
519 2871 702 2971 bellisque
728 2874 882 2964 alterna,
909 2874 1020 2946 beato

187 3017 604 3036 w

185 3075 219 3125 V.
236 3077 278 3129 14.
291 3076 465 3129 Camacas
483 3075 627 3144 (Camena)
647 3079 706 3127 Dea
723 3075 826 3140 italica,
845 3086 915 3137 quae
933 3074 1024 3124 cantui
1043 3076 1180 3136 praeerat.
1219 3069 1371 3121 Cannense

289 3172 318 3218 et
334 3165 428 3220 illusae
444 3166 525 3234 juxta
543 3169 720 3220 habebantur.
756 3169 835 3217 Serv.
855 3167 890 3218 ad
907 3166 965 3216 Ecl.
986 3169 1012 3231 3,
1033 3166 1152 3216 11111111.
1172 3164 1220 3216 011.
1241 3165 1266 3230 1,
1278 3165 1320 3228 11,
1329 3163 1370 3213 89.

183 3257 218 3308 V.
236 3261 279 3312 11.
295 3260 395 3311 Ister
418 3261 473 3312 alle
498 3262 606 3312 nonina
632 3260 813 3312 Danubius
840 3259 938 3308 dicitur
961 3259 1123 3320 praesertin
1146 3268 1164 3305 a
1187 3255 1262 3305 fonte
1287 3266 1371 3316 usque

289 3354 324 3403 ad
343 3356 508 3418 cataractas,
528 3365 597 3416 quae
629 3355 692 3403 sunt
714 3352 741 3401 in
759 3351 894 3399 montibus
921 3349 1045 3398 Daciae:
1069 3348 1131 3398 inde
1158 3347 1284 3406 deinceps
1309 3344 1372 3393 istri

287 3457 385 3494 nomen
402 3447 523 3495 assumit.

183 3536 266 3589 v.1a
287 3563 315 3574 -
336 3539 370 3586 su
387 3537 458 3586 Edit.
478 3537 624 3601 attingens
643 3539 750 3587 omittit.

183 3629 218 3677 V.
232 3630 274 3680 17.
287 3629 426 3680 Pannonia
442 3630 504 3678 sive
523 3631 669 3695 Hungaria.

183 3720 217 3768 V.
237 3721 280 3772 19.
296 3720 315 3768 J
324 3724 484 3782 osephus
502 3724 514 3772 l
532 3723 664 3786 Leapcldi
682 3724 694 3771 1
711 3719 892 3782 superstans
909 3714 1072 3770 Germaniae
1091 3710 1161 3760 filius
1191 3705 1258 3772 (nat.
1280 3705 1370 3773 1678),

287 3812 443 3877 ilungariae
469 3816 529 3864 Rex
548 3813 643 3878 (1681)
670 3816 697 3862 et
723 3814 905 3861 Romanorum
928 3806 1022 3872 (16961
1049 3807 1169 3868 creatus,
1198 3793 1370 3866 dignissimus

284 3908 357 3974 erat,
375 3901 454 3971 eujus
471 3919 567 3958 nomen
584 3910 667 3970 poeta
683 3905 843 3954 celebraret.

186 3997 220 4045 V.
239 3998 674 4065 sasacritegusprsedc
699 3996 717 4046 i.
746 4009 770 4044 e.
795 3993 914 4042 Simon
939 3999 1043 4052 magus.
1063 3985 1120 4036 Cir.
1148 3987 1222 4054 vill,
1243 3988 1368 4046 isseqq.

183 4087 216 4139 V.
233 4089 276 4140 18.
305 4090 368 4140 Dis
394 4096 422 4142 et
445 4093 548 4141 Ditis
576 4091 665 4140 dictus
689 4086 741 4136 luit
765 4085 853 4150 Pluto,
883 4083 957 4132 Deus
984 4080 1133 4130 inferorum
1159 4083 1188 4128 et
1213 4077 1368 4128 divitiarum

287 4195 408 4242 praeses.
446 4183 503 4234 611.
524 4181 587 4232 Nat.
605 4181 637 4230 D.
657 4181 683 4244 2,
702 4179 745 4228 16.

182 4273 540 4333 vestimentumque
559 4273 662 4323 Deam
686 4270 703 4320 i.
731 4267 947 4334 1111111111
976 4265 1128 4334 (Selenen),
1157 4265 1189 4314 de
1215 4271 1269 4324 qus
1297 4257 1368 4306 infra

290 4366 363 4429 vill,
385 4366 416 4414 18
430 4377 504 4425 seqq.
