2990 4906
124 288 170 356 ⁶ss
282 219 285 234 ¹
541 271 891 383 elenen.

118 470 179 543 Bis
205 470 332 542 mersit
355 467 488 545 furtiva
511 493 678 560 manum,
704 467 736 541 si
760 465 857 540 forte
882 467 951 540 sub
975 466 1083 542 undis

116 591 246 662 Altera
268 589 370 689 virgo
396 589 511 678 foret,
536 605 668 689 stagno
693 615 789 689 quae
813 588 968 690 pulchra
992 588 1135 661 lateret.

24 771 26 778 .
115 713 202 782 Non
227 726 306 782 erat
329 710 393 784 illa
414 711 527 810 prior.
576 710 687 782 Dictu
710 735 771 782 res
796 709 906 782 mira!
932 707 1104 808 capillos,
1229 725 1300 806 210

116 830 211 924 Ora,
237 855 369 929 genas,
395 830 511 904 vultus
537 829 700 931 speeiem
725 846 928 902 mutaverat
952 853 1111 906 omnem.

112 952 286 1051 Nympha
309 948 516 1041 videbatur,
543 948 670 1050 quales
695 948 830 1021 finxere
855 957 989 1048 potitae

113 1071 287 1170 Corycias
313 1071 494 1172 nymphas
520 1070 816 1170 venemicemque
840 1069 1009 1142 Dianam.

111 1192 214 1290 Quae
239 1216 334 1263 nora
357 1191 409 1262 mi
432 1188 566 1264 facies!
594 1217 668 1291 quo
693 1215 812 1291 nuper
836 1190 942 1264 filsea
965 1189 1133 1264 recessi?

107 1318 230 1410 Atque
254 1310 318 1383 uhi
342 1336 461 1384 meme
487 1311 607 1412 ipsam
631 1311 783 1384 demens
809 1310 925 1383 oblita
949 1310 1109 1411 reliqui?
1225 1328 1294 1396 215

99 1433 168 1520 ,Me
192 1431 316 1531 rapuit
340 1447 440 1503 certe
465 1429 691 1534 latrunculus
716 1432 779 1504 ille
804 1433 963 1524 Puellus,

105 1554 229 1652 Atque
256 1552 367 1624 aliam
390 1553 479 1625 mihi
504 1551 700 1627 substituit.
752 1551 815 1623 Sic
839 1552 904 1625 illa
928 1551 1076 1626 furebat
1083 1581 1097 1650 3

104 1671 331 1770 Miraturque
357 1697 515 1773 anceps,
540 1698 606 1746 cur
630 1668 716 1743 fons
742 1671 975 1770 crystallinus
999 1673 1054 1780 illi

103 1792 191 1864 Non
215 1791 321 1864 aliter
345 1808 484 1866 vestem
506 1793 664 1894 pariter,
692 1808 911 1891 crateraque
935 1793 1076 1894 pingat.

103 1914 179 1982 Ter
202 1910 363 1984 frontem
386 1912 486 2011 rugis
511 1913 710 2003 contraxit,
736 1929 867 2012 terque
892 1939 1026 1986 serena
1093 1893 1095 1897 v
1221 1934 1290 2002 220

101 2031 305 2133 Explicuit,
325 2033 483 2106 formam
509 2033 701 2133 experiens
709 2059 723 2128 3
747 2049 805 2105 ter
830 2032 990 2106 candida
1014 2035 1114 2110 risitr

99 2153 202 2226 Mille
226 2151 345 2250 modis
370 2151 480 2227 variis
504 2150 679 2253 finxitque
706 2152 884 2225 corallina
908 2153 1026 2248 labra,

100 2272 386 2373 Composuitque
412 2268 560 2362 comas,
585 2273 821 2371 humerisque
849 2275 986 2374 aptavit
1008 2278 1185 2380 utrisque,

98 2392 331 2491 intenditque
354 2391 502 2480 oculos,
529 2408 567 2462 et
590 2393 703 2464 movit
727 2392 890 2464 eburnea
915 2395 1031 2467 colla:

97 2515 271 2610 Quasque
302 2510 418 2608 magis
444 2507 567 2580 decuit
591 2507 732 2582 formas
757 2536 798 2582 se
818 2511 918 2584 flexit
941 2515 981 2585 in
1005 2542 1155 2618 omnes,
1215 2536 1284 2606 225

94 2631 177 2704 Nee
199 2631 297 2731 potis
321 2646 379 2701 est
403 2655 529 2702 amens
555 2629 660 2704 viridi
686 2629 878 2705 discedere
901 2635 993 2736 ripa.

94 2750 273 2822 Discessit
296 2749 447 2822 tandem
471 2752 569 2824 notis
594 2750 782 2847 incognita
808 2753 918 2826 silvis.

93 2871 216 2968 thue
241 2867 390 2942 domurn
413 2869 540 2961 rediit,
566 2885 794 2978 matremque
818 2890 1034 2975 patremque
1059 2877 1210 2971 fefellit,

94 2989 235 3068 Cuncta
257 2992 479 3086 renarrant,
504 2989 654 3063 dubium
679 2987 811 3089 quibus
837 2993 987 3068 abstulit
1011 3023 1120 3073 omne

91 3111 174 3183 Vox
197 3109 319 3212 prior,
345 3127 383 3183 et
406 3136 542 3186 naevus
565 3108 677 3184 faciei
701 3112 740 3182 in
762 3130 868 3212 parte
893 3116 1055 3210 relictus,
1207 3136 1276 3202 250

90 3229 317 3328 Natiyaeque
345 3229 449 3330 genis
467 3229 587 3330 picae.
636 3231 815 3306 Mirecula
837 3233 951 3312 fontis

89 3418 506 3438 m

90 3502 125 3554 V.
138 3504 199 3556 ets.
213 3501 286 3554 Edit.
301 3502 425 3558 Veneta:

252 3592 386 3656 Corycias
399 3595 477 3645 divas
488 3606 627 3647 nemorum
643 3598 859 3664 armigeremque
874 3604 997 3660 Dianam.

88 3704 123 3756 V.
141 3707 202 3759 ets.
214 3685 411 3778 'Coryciae
437 3709 608 3770 nymphae
628 3713 735 3760 antrum
757 3711 903 3778 Corycium
926 3722 961 3769 ad
979 3723 1106 3774 Parnassi
1121 3729 1274 3783 montisre-

229 3802 304 3851 dices
317 3799 346 3849 in
362 3797 489 3862 Phocide,
505 3799 639 3850 Graeciae
654 3804 781 3872 regione,
806 3807 967 3861 incolebant.
992 3815 1069 3864 0vii.
1092 3817 1204 3869 Heroid.
1227 3825 1272 3890 20,

227 3894 288 3944 221.
307 3895 419 3942 Metam.
441 3890 467 3955 1,
488 3892 548 3942 82⁰.
569 3946 571 3950 ,
1190 3887 1197 3902 ’

272 3994 298 4044 Β,
306 3994 391 4044 iana
407 3977 561 4060 (Ἄρτεμις)
572 3995 748 4047 filiaJoviset
757 4000 889 4068 Latonae,
900 4004 1024 4054 venando
1033 4005 1118 4058 siivas
1125 4009 1271 4064 incoluisse

223 4080 326 4149 fertur,
340 4097 418 4147 quam
434 4087 539 4137 obrem
557 4087 688 4138 silvarum
698 4093 725 4138 et
744 4104 882 4162 nemorum
895 4094 954 4144 Dea
968 4099 1122 4158 putabatur.
1157 4105 1230 4155 Mela
1245 4113 1270 4174 t,

226 4176 269 4226 1⁷.
288 4174 345 4224 Cic.
361 4176 394 4224 de
409 4179 465 4227 net.
477 4178 605 4244 Deorum,
625 4180 652 4243 8,
666 4182 709 4230 ti.

85 4265 120 4313 V.
139 4266 199 4317 818.
215 4265 286 4314 Edit.
300 4267 398 4316 venet.
416 4279 465 4328 pro
481 4278 596 4331 aucep
606 4283 620 4320 s
631 4269 651 4320 1.
667 4272 758 4324 etiem.

86 4355 120 4405 V.
135 4359 186 4409 tu
204 4356 233 4406 iu
246 4357 318 4408 Edit.
341 4358 439 4408 venet.
460 4359 599 4410 omittitur.
