2960 4908
466 319 498 387 L
523 317 592 386 [Β
617 318 648 384 Ε
673 319 707 384 R
755 315 849 387 vlu.
1025 333 1030 354 ¹
1257 324 1326 400 145

141 517 230 586 Post
252 513 333 586 Beli
358 513 509 613 conjux,
532 510 751 612 Helenaque
775 509 931 610 Argiva:
957 509 1117 582 Selenen
1144 602 1152 609 .

140 635 250 706 Nunc
274 633 399 732 vulgus
424 650 542 706 vocat.
591 633 674 704 Heu
694 631 815 731 pudor
841 647 951 728 atque
976 631 1127 703 infamia
1151 634 1269 707 nostri

139 754 328 827 Numinis!
349 754 459 826 Hanc
484 751 634 826 tandem
658 752 773 851 Tyrio
798 750 844 822 de
864 751 1008 824 fornice
1033 753 1180 851 probris

141 875 327 976 Turpibus
353 872 524 947 affectam
548 869 798 952 subduximus.
847 876 905 944 En
929 874 1010 944 Dea
1035 872 1171 971 qualis!
1254 891 1325 961 155

141 998 245 1096 Quae
270 995 388 1068 facies
413 993 498 1068 olli!
523 991 588 1094 qui
611 994 782 1094 spiritus!
808 991 907 1065 Illius
934 1019 1022 1092 ergo

140 1117 318 1190 Venimus
344 1114 487 1188 exalto
512 1114 551 1186 in
574 1131 714 1205 terras,
741 1138 856 1213 genus
882 1140 990 1186 omne
1015 1114 1156 1191 rebelle

143 1235 347 1309 Goelituum
373 1234 502 1325 ulturi,
529 1262 686 1334 quorum
711 1234 899 1309 discordia
923 1250 1025 1307 motu

143 1358 284 1430 Cuncta
307 1357 421 1455 agitat
444 1357 557 1431 vario.
607 1356 663 1428 Illi
688 1357 863 1455 hyemes,
890 1353 973 1426 fera
990 1354 1151 1454 praelia,
1177 1360 1329 1436 morbos

141 1479 342 1550 immittunt
364 1477 472 1548 terris
478 1503 492 1571 3
519 1476 787 1576 quamprimum
810 1476 904 1549 haec
930 1475 1053 1546 omnia
1077 1476 1231 1555 {lammis
1258 1495 1328 1562 160

142 1597 335 1685 Hausturi,
363 1595 449 1667 dum
474 1599 630 1696 quisque
656 1597 727 1669 sibi
751 1597 1005 1670 moderamina
1028 1617 1151 1671 rerum

140 1715 364 1804 Praesumit,
391 1716 608 1816 coelumque
634 1743 744 1788 manu
769 1718 809 1788 in
838 1718 1028 1790 contraria
1051 1736 1211 1820 raptant.

141 1839 220 1910 Hos
245 1836 352 1909 simul
375 1861 396 1908 e
421 1837 564 1936 superis
589 1837 702 1909 imum
725 1836 916 1912 detrusero
941 1838 981 1910 in
1010 1839 1159 1932 Orcum,

142 1958 247 2030 Hanc
272 1957 420 2044 urbem,
444 1957 591 2052 ignotos
616 1959 724 2026 terris
752 1979 848 2050 quae
872 1957 993 2053 prima
1014 1959 1167 2058 recepit,

144 2076 293 2175 Imperii
318 2072 446 2143 sedem
471 2087 627 2143 statuam
635 2099 647 2166 3
676 2096 786 2170 quam
810 2071 915 2144 Nilus
942 2092 978 2146 et
1002 2075 1113 2149 Indus
1260 2093 1331 2166 165

142 2199 385 2289 Auroraeque
406 2213 533 2260 amnes
560 2191 709 2262 extremi
735 2208 845 2290 atque
871 2193 982 2266 Orbis
1010 2196 1177 2274 adorent.

143 2317 195 2387 At
217 2313 307 2384 mihi
333 2334 395 2384 vos
422 2309 621 2408 comitique
645 2313 767 2402 Deae,
794 2328 831 2383 et
854 2339 937 2386 mea
960 2317 1062 2416 jussa
1087 2321 1222 2394 secutis
1302 2315 1306 2326 ¹
1336 2331 1338 2342 '

146 2431 342 2506 Coelicolis
369 2427 556 2529 quondam
582 2431 720 2530 geniis,
746 2460 840 2532 quos
865 2463 963 2510 nunc
988 2455 1091 2513 tenet
1114 2442 1270 2516 horrens

146 2552 224 2625 Sub
249 2551 358 2622 terris
372 2550 532 2641 carcer,
558 2552 722 2625 fraterno
748 2555 900 2627 erimine
926 2557 974 2627 ab
1001 2558 1083 2632 altis

146 2671 305 2745 Sedibus
333 2695 523 2758 excussos,
546 2672 688 2770 nigram
711 2673 874 2771 jugulate
899 2674 1112 2773 juvencam3
1261 2699 1334 2766 170

145 2795 230 2866 Rito
257 2790 428 2864 adhibete
453 2816 603 2889 preces,
630 2795 821 2891 sacrisque
845 2794 1022 2895 imponite
1048 2799 1216 2898 flammis,

145 2913 206 2987 Ad
228 2916 386 2984 Boream
410 2913 521 3001 versi,
548 2912 656 2984 sedes
680 2913 744 2984 ubi
768 2915 872 3010 regia
895 2933 1022 2986 nostra
1048 2936 1118 2992 est.»

244 3032 306 3104 Sic
333 3030 395 3101 ait.
428 3035 476 3102 Et
500 3057 547 3102 ne
574 3029 663 3128 quid
686 3029 792 3101 furiis
818 3032 1025 3133 scelerique
1051 3038 1197 3113 deesset

148 3147 399 3250 (Horrendum
425 3147 525 3220 dictu
551 3147 717 3237 facinus,
743 3150 974 3248 miserabile,
999 3157 1184 3260 foedum),

147 3268 325 3342 Matribus
352 3282 462 3364 atque
487 3266 572 3340 viris
598 3268 859 3367 quaerentibus
883 3273 1045 3373 undique
1069 3279 1170 3375 jussa
1264 3299 1333 3369 175

148 3392 258 3461 Dona
284 3385 484 3459 cremanda
507 3389 626 3486 rogis,
652 3389 789 3485 iniecto
814 3411 940 3463 errore
965 3415 1120 3494 repente

150 3508 293 3584 Obtulit
316 3523 401 3578 ante
427 3505 554 3580 oculos
579 3509 724 3581 taurina
747 3508 870 3581 fronte
892 3513 1065 3609 puellam,

149 3631 226 3718 Te,
250 3628 386 3700 misera
394 3679 406 3716 ,
432 3627 578 3718 infelix,
604 3646 659 3717 te,
685 3627 952 3704 formossisima
977 3631 1151 3730 Thamar,

148 3836 384 3889 V.158.Beius
410 3839 486 3898 (Bel)
504 3839 578 3888 Deus
595 3836 816 3901 Babyloniorum.
851 3838 910 3890 Jes.
927 3843 972 3909 4⁶,
992 3843 1017 3895 i.
1052 3843 1131 3898 Diod.
1150 3847 1206 3902 sic.
1224 3855 1251 3922 2,
1271 3857 1314 3910 ιο,

358 3927 497 3984 Helene
520 3930 673 3995 Argiva,
703 3931 821 3980 Menelai
845 3933 920 3997 regis
935 3936 1214 3994 Lacedaemoniorum
1237 3947 1338 4016 conjux

287 4032 369 4093 rapta
385 4042 403 4081 a
419 4031 526 4098 Paride,
545 4033 645 4084 Priami
662 4027 839 4096 'trojanorum
854 4037 930 4100 regis
946 4037 1013 4104 tilio,
1031 4049 1117 4094 causa
1133 4025 1236 4116 (iiim,
1256 4038 1342 4123 fax),

294 4117 406 4185 Troiani
423 4121 487 4171 beili
504 4123 590 4174 fuisse
607 4123 704 4173 fertur.
740 4125 851 4176 Homer.
868 4126 946 4178 liiati.
981 4129 1048 4181 lior.
1067 4133 1124 4186 Sat.
1144 4139 1170 4207 1,
1186 4145 1212 4210 s,
1229 4147 1289 4198 1⁰7.

357 4213 493 4263 telone.
511 4215 586 4281 vni,
606 4216 649 4268 ie.

148 4303 184 4354 V.
204 4304 265 4355 1ts.
283 4302 393 4355 Nilus.
410 4305 434 4368 1,
452 4305 497 4358 ii·
532 4307 635 4356 indus
651 4303 688 4374 V,
707 4305 769 4358 stt.

148 4392 184 4444 V.
204 4395 264 4446 178.
282 4395 352 4445 Edit.
371 4394 470 4446 venet.
488 4408 538 4459 pro
555 4389 690 4449 misera
707 4401 789 4452 habet
803 4401 893 4468 virgo.
