2990 4906
577 233 898 340 uincent

165 429 379 527 libavitque
403 452 546 498 merum
567 427 681 527 pleno
706 428 793 520 tihi,
818 428 1010 519 Partheni,
1037 429 1145 502 vitro.

164 551 253 624 lude
279 550 397 628 domo,
416 573 586 646 egressus
613 550 750 622 circum
776 549 854 623 ibat
878 548 1012 621 florida
1036 576 1136 642 rura,
1209 543 1211 547 ¹
1261 567 1263 576 '

164 671 340 745 Vitiferos
365 668 520 741 laudans
547 669 661 742 colles
688 695 887 770 auramque
914 667 1113 750 salubrem.
1282 687 1352 754 515

162 793 292 863 Donec
319 789 488 888 longaevi
509 808 656 863 rentum
682 809 739 864 cst
760 791 944 865 Simeonis
969 793 1008 862 in
1036 794 1195 881 hortum,

162 914 288 1012 Nupta
312 910 376 990 uhi
399 908 575 982 Bethlaeo
601 911 723 1010 juveni
748 911 997 1010 pulcherrima
1021 911 1123 984 Elisa

162 1035 344 1104 Traxerat
368 1047 552 1128 agrestem
575 1030 672 1104 festa
697 1031 745 1104 ad
771 1032 935 1108 convivia
959 1031 1118 1104 turbam.

163 1155 295 1224 Mensa
320 1150 373 1222 ibi
397 1169 536 1224 structa
559 1153 689 1251 ingens
716 1151 784 1223 suh
811 1178 931 1251 opaco
956 1154 1117 1252 tegmine
1142 1152 1249 1245 lauri,

163 1273 436 1373 impositaeque
462 1298 572 1372 super
592 1272 720 1344 lances
743 1288 971 1369 metretaque
991 1273 1097 1370 nigro
1284 1287 1355 1355 320
1467 1289 1479 1304 '

167 1393 333 1463 Stannea
356 1392 470 1491 plena
493 1418 595 1463 mero
609 1445 620 1481 ,
646 1407 682 1461 et
708 1389 835 1480 similis
860 1392 995 1464 Phario
1022 1391 1186 1464 obelisco

168 1511 307 1582 Caseus
331 1512 370 1582 in
395 1511 538 1602 medio,
565 1527 675 1610 atque
702 1527 848 1599 enatae,
875 1510 1128 1612 fumantiaque
1155 1529 1249 1604 exta,

168 1631 423 1730 Convivaeque
448 1632 538 1703 boni
564 1631 721 1721 circum,
746 1632 926 1730 puerique
952 1658 1176 1732 operaeque,

165 1753 446 1850 Messoresque,
474 1752 560 1841 viri,
587 1771 745 1852 nuptae,
772 1754 1023 1852 innuptaeque
1049 1755 1208 1855 puellae.

164 1872 212 1944 Jn
238 1871 359 1944 medio
385 1873 499 1944 Jonas
526 1890 633 1972 pater
658 1873 698 1945 in
725 1872 903 1946 cathedra
931 1873 1101 1972 abiegna,
1285 1891 1355 1962 325
1448 1923 1451 1930 ¹
1488 1873 1491 1880 ,

165 1994 338 2064 Thoraca
364 2010 512 2080 exutus,
536 1995 702 2090 geminos
729 1993 899 2090 interque
922 1993 1108 2068 molossos
1136 1987 1144 2000 “

164 2115 250 2183 Iura
275 2111 399 2186 dabat.
450 2113 535 2182 Non
561 2113 623 2184 hic
645 2111 795 2202 famuli,
820 2138 891 2182 nec
916 2113 1045 2182 inutile
1069 2113 1215 2212 pondus

167 2233 339 2329 Argenti,
368 2246 404 2299 et
428 2252 543 2300 vanae
566 2229 650 2298 lites
677 2233 737 2302 cui
761 2231 886 2300 debita
911 2231 1070 2326 primum

168 2355 268 2424 Ante
294 2351 409 2449 dapes
436 2346 605 2418 manibus
630 2347 800 2448 lympha,
829 2366 865 2418 et
890 2349 1070 2422 subsellia
1092 2351 1229 2425 circum

168 2473 310 2544 Bellum
336 2472 583 2569 importunum
608 2469 671 2566 qui
693 2469 813 2568 prima
837 2469 876 2539 in
902 2469 990 2542 sede
1015 2471 1213 2562 locandus,
1287 2492 1357 2558 530

170 2594 283 2694 Quive
308 2591 412 2662 locus
437 2589 635 2688 princeps,
660 2613 731 2662 nec
758 2588 903 2687 dignior
930 2591 1178 2689 expectandus

170 2716 240 2814 Qui
265 2711 370 2785 hibat
394 2728 479 2780 ante
505 2710 618 2798 alica,
644 2725 771 2806 totque
797 2713 893 2780 inter
919 2709 1062 2782 fercula
1085 2713 1212 2802 tricae,

169 2832 338 2922 Juscula,
367 2830 583 2930 pulticulae,
610 2829 771 2928 pastilli,
798 2847 835 2902 et
860 2828 1000 2928 glutina
1024 2857 1168 2904 rerum:

170 2957 246 3028 Sed
274 2953 401 3052 qualos
427 2967 558 3022 natura
584 2948 698 3048 dapes
726 2967 845 3039 creat,
873 2966 983 3048 atque
1015 2949 1145 3023 labore

169 3082 302 3175 Empta
327 3075 466 3160 fames,
492 3070 682 3167 vultusque
703 3069 812 3159 honi,
838 3085 875 3140 et
896 3093 1007 3168 super
1024 3070 1148 3141 omnia
1163 3067 1260 3148 curis
1287 3086 1355 3152 335

170 3196 306 3267 Libera
330 3217 454 3281 mens,
481 3217 554 3289 qua
578 3189 793 3290 pauperiem
818 3188 1014 3261 clementia
1038 3190 1170 3263 Divum

171 3319 387 3414 Temperat,
414 3311 584 3382 humanis
611 3335 654 3380 ex
680 3335 800 3406 aequo
823 3308 978 3408 provida
1002 3309 1125 3382 robus.

171 3435 322 3508 Talibus
349 3459 437 3532 ergo
463 3432 561 3502 diem
587 3428 789 3501 solemnem
815 3428 924 3500 turba
949 3430 1130 3502 trahebat.

269 3559 414 3627 Interea
439 3552 553 3650 Virgo
579 3566 616 3621 et
639 3549 772 3620 Pharia
796 3549 947 3646 regione
966 3550 1126 3639 Puellus,

171 3675 354 3748 Absentes
381 3674 564 3772 quamvis,
590 3669 835 3768 disjunctique
861 3669 1008 3740 aethere
1033 3667 1155 3768 longe,
1286 3675 1356 3753 340

172 3796 316 3866 Gaudia
342 3795 486 3866 sincera
500 3847 515 3884 ,
538 3810 647 3890 atque
674 3789 836 3878 animos,
864 3806 973 3887 atque
999 3788 1074 3862 otia
1098 3785 1186 3886 pagi

171 3921 288 3986 Laeta
311 3914 449 3991 vident:
476 3932 588 4011 utque
615 3911 711 3984 alma
736 3937 840 3982 suum
865 3928 953 3981 tunc
976 3907 1074 3980 forte
1100 3902 1254 4003 gerebat
1301 3969 1303 3974 .

171 4036 354 4106 Infantem
379 4037 517 4133 gremio
544 4030 753 4132 complexa,
779 4023 892 4129 utque
918 4026 1028 4101 ambo
1053 4023 1213 4101 vicissim

173 4237 207 4284 V.
229 4236 288 4286 317.
306 4232 515 4282 Bethlaeus.
536 4233 593 4283 Cfr.
611 4233 671 4298 vll,
692 4233 752 4284 2³1.

175 4326 208 4374 V.
229 4326 288 4376 ³²6.
308 4325 494 4376 Molossos
512 4337 551 4375 sc.
573 4337 663 4376 canes.
681 4323 760 4388 virg.
780 4323 879 4388 θοοῖς.
900 4323 927 4388 8,
946 4322 1006 4372 405.
