2960 4908
123 279 193 356 ns
522 263 553 336 n
577 263 594 336 1
618 260 705 334 aa
729 266 763 335 a
812 263 906 337 v111.

122 468 271 565 Hasque
296 464 391 536 inter
416 486 525 536 voces
550 460 869 558 bacchantumqua
894 459 997 560 orgia
1022 458 1103 534 dira

122 585 301 659 Paulatim
325 583 509 656 infernum
534 597 720 681 spectrum
743 604 941 654 vanescere
966 582 1005 653 in
1030 604 1150 671 auras,
1234 592 1304 662 255

122 709 170 777 Et
194 705 286 776 fatui
308 705 483 804 languere
506 702 632 802 ignes,
658 725 703 771 ac
728 700 913 800 sulphuris
939 719 1019 774 ater

125 826 263 896 Sentiri
287 849 395 923 grave
420 821 553 895 olentis
579 820 694 910 odor,
721 847 793 910 nox
818 846 1020 920 sparsaque
1047 821 1218 922 Olympo.

123 948 263 1018 Verum
288 943 381 1015 adeo
406 941 511 1014 furiis
537 966 628 1040 gens
654 966 769 1013 coeca
793 957 903 1039 atque
929 941 1032 1013 ebria
1055 942 1153 1032 Dite,

5 1087 10 1106 ·
124 1068 331 1161 Insanoque
356 1062 483 1134 furens
509 1079 652 1150 oestro,
677 1078 718 1133 ut
743 1059 954 1132 discernere
979 1086 1089 1134 nemo

126 1185 236 1257 Clara
259 1199 316 1254 tot
338 1181 484 1256 indiciis
510 1181 662 1280 vestigia
685 1198 813 1280 posset
837 1180 983 1255 Averni.
1237 1189 1308 1267 240

121 1305 195 1374 Per
220 1320 367 1375 noctem
392 1301 589 1375 obscuram
613 1300 785 1376 redeunt:
812 1299 1008 1372 ululatibus
1028 1324 1113 1398 arva

124 1428 361 1522 Responsant
384 1421 513 1520 longe:
548 1423 720 1524 strepitus
747 1422 928 1522 stygiique
955 1420 1126 1494 cachinni

125 1542 270 1637 Auditi,
297 1566 499 1640 manesque
525 1545 622 1642 agris
649 1543 854 1616 discurrere
879 1541 956 1615 visi.

125 1663 232 1733 Hunc
257 1661 386 1734 habuit
409 1660 563 1732 foedum
586 1664 770 1762 promissa
794 1659 987 1759 tragoedia
1010 1660 1130 1732 finem.

223 1781 272 1850 At
296 1779 370 1850 late
394 1781 434 1850 in
457 1779 616 1880 populos
643 1799 754 1879 atque
780 1780 890 1851 urbes
917 1779 1016 1850 fama
1039 1778 1176 1878 vagari,
1241 1788 1309 1863 245

126 1900 329 1975 Advenisse
354 1901 473 1970 Deum
499 1899 708 1987 Samaritis,
735 1900 799 1995 qui
821 1900 907 1998 juga
931 1896 1039 1971 fessis

1 2021 3 2038 '
125 2023 269 2094 Eximat
294 2017 467 2113 lsacidis3
492 2019 590 2090 hunc
616 2019 718 2092 claro
742 2019 782 2088 in
804 2017 940 2092 lumine
967 2017 1085 2088 visum

126 2141 235 2214 Nube
263 2165 374 2239 super
396 2156 615 2239 poscentem
640 2162 744 2231 aras3
768 2137 854 2210 huic
878 2136 949 2209 rite
972 2136 1116 2212 litatum

127 2259 230 2334 Urbe
255 2258 379 2361 palam
404 2257 546 2352 media3·
571 2257 802 2331 sermonibus
827 2258 951 2330 omnia
975 2258 1072 2357 vulgi

126 2379 276 2452 Misceri
300 2377 462 2476 magnis:
488 2376 745 2479 superomnia
775 2401 924 2476 serpere
949 2405 1076 2451 rumor
1246 2393 1317 2462 250

128 2497 289 2572 Nazario
313 2497 353 2584 in
377 2523 495 2598 pago,
523 2515 561 2570 et
584 2497 737 2597 pavidos
763 2497 916 2596 implere
942 2499 1108 2574 colonos.

132 2620 297 2690 Murmur
322 2635 423 2709 erat,
448 2618 558 2718 quale
583 2618 675 2692 illud
700 2645 830 2720 apum,
856 2643 941 2690 cum
964 2619 1121 2692 rusticus
1147 2637 1227 2694 atre

129 2737 297 2836 Implevit
320 2736 467 2808 flamma
494 2739 699 2837 crepitante
723 2737 881 2809 alvearia
906 2736 1027 2809 fumos

129 2858 205 2928 Aut
227 2854 350 2955 pluvia
373 2854 531 2952 ingenti,
558 2854 710 2929 diversis
735 2854 898 2952 undique
924 2855 1021 2944 rivis,

132 2973 223 3047 Gum
240 2991 369 3062 tumet,
395 2989 506 3071 utque
525 2973 654 3072 ingens
671 2999 764 3046 unus
773 2972 905 3072 rapido
923 2973 1058 3073 impete
1076 2994 1220 3075 pontes,
1236 2942 1336 3059 Ι955Ι

131 3098 377 3193 Ingentesque
402 3095 539 3167 vehens
563 3119 676 3166 ornos
701 3093 729 3164 it
753 3091 920 3167 turbidus
946 3092 1075 3169 amnis.

229 3216 329 3312 Ergo
354 3212 411 3284 his
437 3230 642 3287 commotus
668 3215 794 3286 senior
817 3214 974 3286 nutritor
998 3214 1150 3316 loseph,

43 3409 45 3418 ,
135 3331 315 3406 Goelestis
340 3332 448 3403 Pueri
474 3348 620 3436 custos,
645 3359 716 3432 pro
741 3331 898 3406 Numine
922 3331 1024 3406 laeso

134 3450 291 3556 Saucius
316 3467 353 3522 et
377 3468 563 3543 metuens,
590 3476 638 3522 ne
663 3469 907 3526 conterranea
931 3452 1039 3525 dictis

133 3571 324 3670 Adjiceret
348 3594 438 3669 gens
459 3570 557 3643 forte
583 3574 725 3645 animos
737 3600 750 3667 3
776 3598 859 3646 cum
885 3574 1042 3672 conjuge
1068 3572 1151 3647 diva
1249 3586 1325 3656 260

133 3690 295 3764 Contulit
320 3707 489 3781 eventus,
515 3693 735 3792 penitusque
759 3691 913 3766 horrore
938 3710 1112 3792 metuque

135 3810 339 3912 Complevit
363 3828 511 3884 teneros
538 3790 687 3905 sensus3
713 3811 812 3907 juvat
832 3816 935 3888 ocius
960 3839 1088 3886 omnes

135 3932 337 4005 Obstruere
361 3930 503 4003 insidiis
529 3929 660 4003 aditus.
710 3930 832 4028 thue
859 3934 965 4004 anxia
989 3949 1118 4023 mater,

135 4052 176 4123 si
201 4051 297 4123 forte
322 4053 499 4150 ingruerit
521 4068 722 4151 tempestas
744 4051 893 4130 turbida
916 4070 1041 4142 noctu,

135 4265 169 4314 v.
189 4267 249 4315 aas.
268 4245 338 4312 nis.
358 4263 380 4326 1,
399 4263 443 4312 aa.

34 4394 42 4408 r
135 4355 169 4406 V.
189 4357 249 4407 247.
268 4351 435 4406 laetitia.
454 4350 515 4418 vu,
534 4353 577 4404 al.

1469 3613 1476 3670 l
