2960 4908
559 193 930 292 ereneus

146 417 270 490 Prima
293 411 503 515 propinavit
524 389 675 486 laticem
698 412 886 487 Florentia
918 429 1063 514 purum,

150 539 206 612 Os
230 535 372 635 liquido
397 534 550 635 perfusa
574 560 691 629 mero,
716 532 886 606 mirabile
912 532 1052 610 donum

151 657 343 729 Finitimos
368 655 465 726 inter
488 657 647 755 populos
675 655 812 754 partita
837 654 964 753 Lyaei.

154 777 227 850 Olli
253 772 448 849 subviridis
475 774 591 866 color,
617 790 728 873 atque
753 775 972 848 abscondita
1005 798 1101 848 vena
1298 789 1346 856 55

151 898 321 970 Nectaris
349 895 503 966 aetherii
527 895 637 994 longe
664 921 777 994 super
801 895 925 967 Attica
955 893 1087 988 mella3

152 1019 235 1116 Qua
260 1016 397 1090 sensim
421 1032 584 1112 agrestes
610 1015 799 1088 hominum
824 1015 1043 1088 mollescere
1071 1013 1233 1113 linguae,

150 1137 423 1234 Eloquiumque
447 1133 568 1207 modis
595 1137 718 1236 coepit
745 1136 959 1209 dulcescere
984 1134 1099 1225 miris,

152 1261 201 1327 Et
224 1255 331 1354 lepor
357 1272 395 1326 et
418 1255 577 1328 charites
603 1255 780 1356 paulatim
804 1256 985 1330 accedere
1012 1255 1132 1328 dictis.

153 1373 247 1446 Inde
271 1391 327 1446 tot
350 1375 490 1474 egregii
514 1391 627 1464 vates,
656 1377 849 1475 cultusque
875 1401 943 1477 per
969 1392 1086 1448 artem
1301 1384 1347 1450 60

154 1493 282 1566 ltaliae
309 1519 431 1566 sermo
456 1495 552 1567 Latii
576 1497 651 1594 jam
677 1496 803 1569 secula
827 1495 942 1597 prisci

154 1616 203 1686 Et
226 1614 359 1711 Grajas
385 1615 551 1687 Veneres
577 1614 681 1687 fandi
707 1616 903 1689 dulcedine
928 1615 1050 1690 vincit.

155 1733 306 1832 Eloquii
330 1734 416 1805 hinc
441 1733 538 1803 inter
562 1736 689 1809 Patres
715 1736 893 1810 subsellia
916 1737 1057 1809 Dentes

6 1913 7 1922 ,
78 1922 80 1928 ,
153 1852 276 1924 Prima
301 1869 415 1959 tenet,
442 1854 580 1952 primus
606 1855 761 1954 genialis
788 1858 952 1929 consitor
976 1881 1090 1949 uvae,

153 1972 263 2044 Unde
286 1973 390 2044 illum
414 1971 454 2040 in
478 1975 622 2044 Tuscos
645 1975 799 2045 mentito
824 1975 974 2045 nomine
996 1970 1136 2045 Bacchi
1218 1999 1221 2004 ·
1307 1982 1352 2050 65

155 2093 266 2166 Venit
291 2117 400 2190 agros
424 2089 563 2180 Redus,
588 2109 851 2193 praetextaque
875 2092 1003 2163 fabula
1026 2116 1113 2163 vero
1140 2107 1208 2171 est.

257 2215 307 2282 At
330 2210 423 2282 folio
450 2228 674 2311 excerptum,
697 2229 737 2282 ut
759 2211 845 2302 dixi,
870 2211 1038 2284 mirabile
1052 2227 1210 2302 tectum
1272 2203 1274 2210 '

157 2330 349 2406 Hetruscis
372 2323 537 2402 Ducibus
562 2331 675 2430 longo
700 2346 786 2432 post
810 2349 978 2432 tempore
1004 2332 1126 2419 cessit,

160 2452 227 2524 cui
252 2449 385 2540 forma,
411 2466 521 2548 atque
546 2450 618 2524 situ
644 2451 852 2524 substructa
878 2451 1062 2524 simillima
1089 2450 1285 2551 (quantum

159 2573 232 2643 Fas
257 2595 370 2670 opere
394 2569 550 2643 industri
575 2570 691 2642 fabris
714 2571 948 2671 mortalibus)
976 2570 1128 2650 aedes.=
1194 2645 1200 2656 ,
1304 2584 1351 2653 70

158 2762 194 2811 V.
215 2762 258 2811 51.
277 2758 465 2808 Florentia
485 2758 548 2806 urbs
564 2759 722 2810 Hetruriae.

158 2861 195 2912 V.
213 2864 256 2913 54.
284 2845 585 2923 Lyaeusfflvqura
603 2845 688 2926 λύειν,
708 2864 872 2915 solveraec.
889 2861 1161 2930 curas,velcor11ns,
1182 2859 1229 2912 vel
1243 2870 1357 2912 concor-

286 2952 370 3008 dien)
387 2963 538 3015 cognomen
551 2955 650 3007 Bacchi
662 2969 712 3019 pro
725 2958 790 3008 vino
800 2957 918 3018 ponitur.
938 2954 987 3003 Sil.
1001 2956 1028 3018 8,
1042 2956 1102 3004 ³7⁰.
1120 2952 1198 3003 Ovid.
1213 2953 1278 3002 Met.
1290 2955 1319 3026 ,4’
1331 2952 1357 3004 1.

157 3042 196 3095 V.
215 3047 258 3095 56.
274 3043 346 3094 0111
368 3041 571 3090 subviridis
596 3050 708 3097 color.
739 3047 835 3098 cera
858 3047 988 3096 adnatat:
1011 3043 1102 3107 Vulgo
1127 3043 1246 3093 Verdea.

160 3133 196 3185 V·
214 3137 257 3185 ³⁶·
276 3135 393 3182 Attica
412 3125 546 3209 (Ἀττική)
568 3148 644 3210 regio
659 3150 803 3214 Graeciae,
822 3143 901 3211 cujus
919 3147 1000 3205 caput
1008 3145 1140 3210 Athenae,
1157 3144 1258 3207 optimo
1272 3141 1354 3194 mella

286 3236 411 3285 celebris.
447 3239 516 3286 Plin.
541 3239 584 3302 31,
607 3243 633 3304 7,
660 3241 703 3292 11.
730 3239 900 3290 OvidTrist.
918 3242 945 3304 5,
968 3241 995 3303 i,
1026 3237 1068 3288 tt.

161 3325 198 3376 V.
217 3327 261 3378 61.
280 3327 437 3393 Latium,
463 3329 540 3392 regio
559 3329 667 3398 ltaliae,
686 3329 765 3397 cujus
779 3333 861 3393 caput
875 3331 973 3395 Roma,
996 3329 1043 3378 nbi
1057 3323 1219 3390 praesertim
1233 3327 1355 3391 Augusto

286 3418 406 3468 caesare
414 3419 564 3481 imperante
578 3423 672 3487 lingua
683 3424 779 3490 latina,
788 3427 877 3474 mater
892 3421 1013 3486 italicae,
1026 3421 1149 3484 inprimis
1162 3419 1270 3472 exculta
1286 3397 1356 3469 erat.

169 3509 205 3560 V.
224 3511 269 3562 61.
289 3505 421 3574 erajae
440 3513 585 3576 (graecae)
603 3512 772 3566 Veneres
789 3519 838 3576 pro
849 3513 982 3563 sermonis
993 3515 1090 3578 graeci
1102 3515 1248 3563 venustate
1262 3514 1289 3560 et
1300 3510 1359 3560 ele·

285 3603 380 3670 gantia
405 3601 540 3652 interdum
571 3611 715 3666 ponuntur.
751 3606 853 3667 Quintil
877 3607 905 3670 6,
924 3607 952 3672 s,
971 3606 1042 3655 med.
1062 3610 1090 3656 et
1108 3607 1150 3657 10.

164 3693 200 3744 V.
219 3695 263 3745 cs.
284 3693 462 3758 Bacchus,
481 3693 527 3756 qui
545 3695 642 3747 vitium
655 3698 829 3748 colendarum
843 3697 1092 3762 rationemdocnit,
1109 3693 1290 3757 metonymice
1307 3705 1356 3755 pro

286 3787 388 3834 vitibus
406 3785 496 3852 (virg.
517 3788 618 3853 Georg,
638 3791 663 3856 2,
684 3791 760 3856 112),
780 3793 807 3838 et
815 3801 899 3852 saepe
909 3802 958 3851 pro
969 3791 1035 3840 vino
1047 3787 1138 3852 (virg.
1158 3786 1289 3854 Eclog.d,
1308 3786 1356 3842 69)

288 3877 405 3936 ponitur.
427 3877 468 3927 cf.
489 3879 538 3942 Vl,
561 3883 604 3930 si.

165 3967 200 4017 V.
220 3967 263 4017 66.
282 3966 598 4019 Franciscusiiedi
617 3971 886 4036 (nat.1626)‚Aretii
903 3975 971 4023 artis
989 3973 1112 4022 medicae
1132 3973 1159 4018 et
1173 3967 1356 4032 philosophiae

288 4057 479 4123 peritissimus,
489 4059 614 4111 inventor
625 4065 863 4126 Dithyremhornm
879 4063 1033 4113 italicorum
1043 4064 1163 4129 putatur,
1179 4073 1230 4128 qne
1244 4064 1359 4124 poeseos

289 4160 391 4214 genere
413 4149 535 4211 proxime
549 4155 585 4202 ad
598 4155 721 4205 Graecos
743 4156 871 4206 accessit.
891 4153 934 4204 61.
953 4153 1018 4204 Vite
1026 4153 1099 4220 degli
1113 4153 1215 4206 Arcadi
1232 4153 1260 4204 di
1276 4149 1358 4202 Cres·
1447 4179 1452 4190 ·

289 4240 414 4290 cimbeni·

167 4331 201 4381 V.
220 4333 264 4384 16.
283 4332 399 4394 opere
417 4331 586 4386 industri.
624 4333 707 4402 (11.1,
726 4337 786 4388 1611.
850 4319 852 4354 ¹
