2960 4908
131 253 201 320 160
257 294 261 310 .
547 236 892 309 LIBERIX.

126 437 323 533 Tempora.
373 432 603 523 Debueram,
641 432 906 532 cumprimum
930 429 1081 504 conscia
1108 457 1229 528 casus,

126 557 246 630 Nocte
271 554 435 626 remetiri
458 555 628 653 vestigia,
654 570 858 651 cunctaque
885 551 1016 644 solers,

127 677 224 748 Dum
246 675 390 774 jactura
414 699 567 764 recens,
594 672 785 770 exquirere
793 700 807 767 3
828 672 901 745 tale
927 699 997 746 nec
1021 671 1087 745 ulli

125 796 249 867 Antea
273 813 487 896 oportuerat
510 792 680 895 poscenti
706 791 858 864 credere
881 793 1035 895 pignus,
1244 808 1317 876 120

127 917 208 988 Nec
233 915 353 988 sinere
379 916 460 1016 ipsa
483 941 594 986 manu
619 938 791 1013 prensum
817 911 981 986 divelli'er
999 939 1179 1015 unquam.

127 1039 237 1109 Nunc
263 1035 352 1134 quid
377 1034 477 1136 ago?
503 1061 577 1135 quo
603 1058 681 1122 mc,
706 1031 834 1104 infelix
858 1051 895 1106 et
922 1035 1068 1124 saucia,
1092 1049 1196 1108 verto

131 1156 233 1228 Orba
256 1179 412 1255 parens,
439 1154 606 1247 deserta,
631 1172 782 1254 stupens
808 1152 1039 1253 confusaque
1062 1153 1193 1226 luctu?

9 1283 10 1288 ’
129 1276 249 1375 Quam
273 1299 446 1375 superum
469 1302 578 1348 nemo
604 1274 820 1374 alloquitur,
844 1274 1064 1374 penitusque
1088 1259 1256 1347 relictam

126 1398 159 1473 E
185 1394 292 1466 coelo
316 1395 438 1469 invisit
461 1422 592 1492 nemo,
618 1422 703 1467 nam
728 1397 905 1504 tapam
930 1395 1040 1486 alme,¹
1244 1407 1316 1474 125

130 1514 285 1587 Sublato
310 1513 416 1588 vidua
440 1516 534 1588 haec
558 1517 728 1589 miserae.
742 1516 823 1614 quis
847 1491 974 1587 limina
999 1512 1133 1587 curet?

128 1636 199 1708 Hic
222 1658 325 1708 meus
353 1652 411 1707 est
436 1635 561 1724 dolor,
585 1638 658 1730 hcc
682 1635 809 1709 vulnus
817 1663 830 1730 3
869 1635 941 1708 tibi
965 1635 1087 1732 (lletus
1113 1631 1294 1726 inundans

128 1756 199 1828 Hei
223 1755 343 1829 lassae
368 1754 530 1826 lamenta
554 1757 696 1853 negat),
724 1754 810 1843 tibi,
835 1773 962 1826 sancte
988 1755 1125 1842 Puclle,

127 1877 369 1977 Displicuisse
395 1872 535 1972 aliquid
542 1902 555 1966 3
580 1891 681 1944 terra
704 1872 803 1942 unde
832 1889 869 1944 et
893 1890 1010 1944 matre
1036 1875 1176 1946 relictis

130 1997 282 2095 Fugeris
309 1995 358 2068 ad
384 2019 559 2093 superea,
584 2017 656 2064 nee
680 1989 794 2064 verba
818 2009 979 2064 extrema
1003 1991 1162 2066 dolentis
1248 2007 1320 2074 130

130 2118 243 2189 Ferre
251 2168 262 2207 ,
294 2141 366 2190 nec
392 2114 579 2214 amplexus
604 2110 783 2200 voluisse,
809 2137 880 2184 nec
904 2111 1032 2183 ultima
1055 2115 1182 2187 matris

133 2235 271 2309 Oscula
290 2235 491 2337 plorantisr
514 2259 579 2305 cur
605 2257 773 2330 aegrum,
799 2233 915 2323 Nate,
938 2247 1132 2330 parentem

134 2355 199 2427 Sic
223 2354 348 2454 fugis?
373 2355 443 2426 Hic
466 2370 576 2453 rupto
599 2353 833 2425 lacrimarum
859 2351 1000 2449 gurgite
1025 2350 1152 2445 flebat,

131 2475 229 2548 Nina
252 2493 338 2548 toro¹
360 2475 497 2548 lassam
520 2471 724 2565 cervicem,
751 2489 788 2544 et
812 2473 926 2545 multa
950 2472 1134 2546 volentem
1171 2507 1173 2512 ·

130 2596 266 2668 Dicere
290 2595 507 2695 praelargae
532 2610 570 2665 et
594 2590 737 2664 calidae
762 2593 938 2665 lacrimae
963 2594 1225 2695 impediebant,
1250 2609 1320 2674 135

133 2714 245 2813 Queis
269 2716 367 2788 oculi
387 2717 581 2812 vultusque
606 2712 757 2810 pluunt,
783 2731 976 2811 vestesque
1002 2714 1189 2812 sinusque,

132 2836 180 2906 Et
204 2834 329 2907 madet
352 2835 433 2934 ipse
457 2851 573 2907 torus.
625 2831 807 2929 Superum
831 2834 1097 2904 moestissimus
1122 2850 1218 2905 astat

136 2953 270 3054 Septus
295 2954 393 3025 nube
420 2955 575 3040 chorus,
600 2949 780 3022 miserans
806 2975 914 3048 grave
939 2950 1077 3024 miluus
1092 2954 1259 3026 amantis.

134 3077 230 3149 Nam
253 3079 353 3148 Deus
377 3076 457 3175 ipse
482 3077 591 3144 Pater
618 3062 759 3144 cunctis
783 3090 1026 3171 praeceperat
1050 3086 1136 3159 alne

138 3195 359 3287 Coclitihus,
384 3220 431 3267 ne
458 3193 539 3292 quis
563 3191 724 3264 latebras
751 3208 788 3263 et
811 3191 910 3264 furta
933 3192 1086 3265 doceret
1093 3220 1106 3286 5
1249 3203 1323 3280 110

135 3318 216 3390 Nec
237 3316 357 3416 pietas
384 3337 605 3414 quemquam
628 3313 784 3383 miserae
812 3329 849 3405 et
872 3313 1033 3384 lamenta
1056 3329 1256 3391 moverent.

137 3435 236 3511 Heu!
262 3435 406 3509 coelum
431 3433 549 3530 tetigit
567 3457 716 3503 moeror
738 3458 898 3530 quoque.
948 3432 1064 3530 Nigra
1087 3450 1241 3534 repente
1267 3509 1274 3530 ἃ

57 3591 61 3598 ·
137 3555 290 3626 Delituit
311 3554 399 3626 luna
422 3553 460 3624 in
485 3551 629 3644 nimbo,
652 3577 800 3624 rursum
825 3568 928 3626 tonat
953 3554 1042 3644 axis,

135 3776 551 3795 mann—0·

140 3909 175 3960 V.
195 3911 254 3960 126.
272 3910 344 3960 Edit.
363 3907 461 3959 Venet.
480 3922 530 3972 pro
548 3907 703 3960 miserae
720 3911 739 3962 l.
758 3916 880 3976 pestere.

138 4022 175 4074 V.
194 4025 245 4076 127
263 4028 292 4074 et
309 4025 360 4077 119
378 4023 492 4084 (omisso
510 4023 545 4072 V.
565 4023 630 4079 128)
646 4022 674 4073 in
691 4015 762 4073 E'dit.
781 4027 879 4078 venet.
897 4023 939 4077 sie
955 4019 1097 4090 legunturt

349 4113 402 4164 Hic
418 4127 495 4164 meus
511 4116 553 4164 est
570 4106 662 4179 dolor,
680 4113 731 4164 hoc
747 4117 845 4166 vulnus
851 4131 860 4181 3
879 4114 944 4183 tibi,
962 4120 1056 4167 sancte
1073 4113 1183 4180 Puelle,

348 4203 525 4266 Displicuiese
542 4203 657 4271 aliquid,
677 4219 729 4268 quo
746 4205 839 4258 laesus
856 4211 944 4259 matre
961 4207 1060 4258 relicte

141 4315 177 4368 V.
196 4316 256 4367 tat.
274 4314 346 4366 uuit.
363 4311 462 4368 Venet.
481 4329 531 4379 pro
548 4317 677 4369 matris
692 4318 712 4367 1.
729 4318 831 4394 lassae.
