2990 4906
1 4267 23 4300 b

517 1523 681 1620 (lesa
714 1517 996 1620 Lectori.

253 1825 378 1898 Jcsurn
404 1822 524 1896 adhue
549 1849 705 1924 puerum
737 1820 997 1895 manifestasse
1029 1817 1216 1920 paulatim
1243 1843 1349 1892 suam

159 1956 384 2030 divinitatem
408 1957 610 2028 Nazarenis
645 1955 719 2026 suis
761 1954 1016 2027 conterraneis
1051 1969 1180 2027 auctor
1219 1967 1279 2023 est
1300 1951 1348 2026 D.

158 2088 382 2162 Athanasius
418 2085 538 2183 (Orat.
573 2095 606 2172 ἰι.
636 2102 769 2160 contra
792 2083 986 2180 Arianos),
1023 2082 1130 2154 Titus
1151 2083 1353 2156 Bostorum

163 2219 381 2316 episcopua,
406 2213 683 2297 Theodoretus,
710 2214 757 2279 D.
771 2198 1002 2309 Vincentius,
1029 2226 1139 2308 atque
1154 2209 1217 2280 alii
1233 2209 1351 2308 (apud

167 2346 313 2418 Sebast.
347 2341 498 2414 Barrad.
527 2343 566 2413 in
605 2342 717 2414 Conc.
754 2344 891 2438 Evang.
926 2339 991 2412 lib.
1029 2353 1086 2420 10.
1138 2363 1220 2440 cap.
1258 2341 1352 2440 15.),

162 2477 286 2577 quiin
312 2499 357 2548 ea
382 2487 503 2546 aetate
534 2472 722 2572 quandam
753 2470 864 2546 veluti
897 2471 1010 2545 divini
1043 2470 1141 2546 Solis
1171 2461 1351 2546 ¹auroram

157 2607 407 2710 praecessisse
432 2623 574 2706 putant.
623 2607 731 2676 Hanc
753 2603 981 2702 agnitionem
999 2604 1161 2678 omnium
1176 2607 1350 2708 pulcher:

158 2741 293 2812 rimam
327 2740 435 2840 epico
467 2748 638 2838 poemate
675 2736 825 2835 dignam
853 2736 993 2810 censui.
1043 2739 1167 2836 Atque
1192 2736 1245 2809 ita
1269 2763 1349 2810 rem

161 2871 348 2972 disposui,
373 2887 415 2942 ut
437 2869 476 2940 in
499 2869 598 2940 hunc
623 2865 732 2940 finem
757 2866 930 2942 coelestis
955 2868 1081 2944 Infans
1107 2894 1152 2940 ex
1175 2872 1347 2970 Aegypto

156 3004 196 3074 in
230 3005 388 3104 patriam
419 3000 677 3089 reduceretur3
721 2999 781 3070 cui
821 2998 956 3104 deinde
995 2999 1132 3075 viribus
1175 3001 1346 3074 omnibus

163 3137 334 3207 Daemon
359 3132 481 3204 moliri
504 3133 623 3232 primo
651 3130 831 3204 excidium
857 3147 986 3232 aperto
1009 3129 1131 3222 hello,
1174 3157 1259 3203 mox
1283 3157 1349 3202 ne·

160 3265 273 3337 bulas
298 3263 490 3339 offundere
508 3279 702 3364 suspectae
717 3261 906 3336 Divinitati
925 3262 1187 3353 contenderet,
1215 3282 1346 3336 eventu

164 3413 288 3470 tamen
322 3421 475 3497 prorsus
511 3396 710 3468 contrario.
759 3396 856 3468 Hinc
890 3393 988 3468 euim
1022 3395 1207 3470 Nazareni
1230 3395 1347 3468 multa

159 3530 274 3630 passi,
298 3526 507 3630 praestigiis
525 3526 691 3616 detectis,
714 3525 873 3600 divinum
886 3529 1061 3619 Puerum,
1081 3527 1188 3626 cujus„
1206 3553 1345 3620 amore,

158 3659 422 3751 admiratione,
458 3677 571 3758 atque
598 3657 758 3732 oraculis
784 3658 954 3758 suspensi
978 3657 1053 3756 jam
1077 3657 1140 3731 diu
1164 3658 1345 3732 teneban-

156 3807 233 3880 tur,
258 3775 377 3864 Deum
401 3790 553 3864 tandem
568 3808 783 3890 agnoscunt.
833 3772 984 3880 Habes,
1008 3789 1129 3864 lector
1147 3791 1340 3884 benevole,
1413 3833 1415 3842 κ

155 3922 288 3996 rudem
313 3940 424 4022 atque
454 3922 652 3994 informem
679 3922 974 4021 designationem
999 3921 1201 4024 po'e'matis,
1241 3923 1343 4023 quod

156 4082 177 4130 a
199 4055 371 4157 personis
389 4057 522 4154 partim
548 4055 763 4146 humilibus,
800 4058 935 4156 partim
960 4053 1181 4144 illustribus,
1214 4081 1237 4128 a
1261 4055 1342 4154 qui·

154 4186 223 4262 hus
248 4212 309 4260 rcs
338 4187 495 4286 geritur,
538 4187 853 4261 comico-heroici
876 4206 1045 4260 naturam
1071 4187 1180 4262 sumit
1187 4215 1200 4282 3
1240 4181 1340 4259 unde

157 4338 194 4394 et
219 4321 334 4422 stylus
367 4321 530 4421 utrique.
547 4321 690 4395 formae
714 4321 754 4395 in
788 4346 900 4392 unum
931 4321 1064 4394 mixtae
1104 4319 1341 4420 attemperari
