2960 4908
587 269 932 344 LIBERVII.
1308 279 1378 351 125

137 493 141 502 ·
185 473 234 544 Et
247 491 371 542 rorem
394 463 601 557 interdum,
627 482 690 538 aut
712 464 845 564 liquidi
867 464 1021 566 vestigia
1042 465 1124 544 riri.

186 592 295 664 Nunc
321 605 443 662 autem
465 589 560 660 haec
586 587 707 660 auimo
732 585 903 686 relegens
927 585 1036 658 simul
1060 585 1185 658 omnia
1207 609 1355 660 mosum

188 710 285 811 Quid
309 727 487 800 statuam,
513 708 654 798 fateor,
680 733 796 780 ooeoa
819 724 923 782 vetor
947 705 1070 780 obsita
1094 723 1225 778 nocte:
1309 719 1381 786 100

187 830 341 904 Somnia
365 856 480 903 corno
504 828 611 928 vigil,
642 829 744 902 miris
770 828 873 902 feror
898 827 1005 902 auxia
1030 825 1216 900 monstris.

187 915 358 1051 Quodis
381 975 451 1049 per
476 976 649 1050 superos,
673 975 742 1050 per
766 950 891 1048 magni
913 950 1060 1020 Nume'n
1086 945 1248 1047 Olympi,

184 1075 330 1169 Perque
357 1087 459 1144 tuum
482 1073 582 1144 huno
599 1071 738 1160 Solem,
765 1070 881 1144 semol
904 1071 1003 1146 hoec
1023 1068 1202 1169 perplexa
1224 1066 1382 1164 resolve,

184 1194 309 1292 Atque
331 1211 469 1264 aroana
494 1191 600 1266 dooo.
652 1191 738 1264 Tibi
763 1189 836 1262 fida
862 1190 1008 1263 silentia
1034 1191 1137 1290 juror

185 1313 257 1384 Hio
283 1311 390 1384 nitius
414 1312 539 1412 paries
565 1312 763 1384 commissa
788 1335 927 1384 arcana
950 1310 1137 1410 loquetur,
1185 1390 1188 1401 .
1310 1321 1380 1388 105

129 1503 133 1516 ,
186 1433 306 1531 Quam
329 1449 495 1526 retegam
519 1431 732 1532 quidquam.
781 1432 846 1505 His
874 1431 980 1504 dictis
995 1428 1243 1530 pulcherrima
1266 1429 1383 1528 Virgo

188 1551 303 1651 (Nam
326 1579 401 1651 quo
426 1577 507 1625 rem
531 1549 701 1650 tegeret?
728 1577 802 1651 quo
829 1576 869 1624 ss
895 1563 1127 1626 conuerteret
1151 1548 1324 1650 onoeps‘?

189 1673 329 1771 Quidve
355 1671 454 1746 aliud
478 1668 673 1772 poterell)
699 1672 781 1745 volo
805 1695 889 1744 sose
914 1671 979 1745 illa
1003 1670 1152 1746 ruboris
1353 1656 1355 1664 ¹

185 1793 353 1891 Virginei
375 1809 493 1866 totam
518 1792 703 1892 deprensa
727 1792 766 1863 in
790 1791 874 1864 luco
902 1792 1066 1891 tegebat,

134 1993 137 2000 ¹
183 1914 373 2013 Purpureo
399 1912 526 1986 similis
551 1940 690 2012 panno,
715 1912 919 2008 similisque
942 1914 1119 1988 Damasci
1197 1961 1200 1968 ·
1311 1923 1383 1992 110

186 2031 394 2104 Goooineae
418 2031 625 2104 rubicunda
649 2055 772 2108 rosae,
822 2030 909 2104 Tibi
934 2031 1030 2131 finge
1052 2045 1239 2112 retentum

185 2152 317 2223 Imbris
342 2151 414 2221 iter
437 2149 540 2222 fluidi
560 2175 725 2249 puerum,
751 2175 862 2247 quem
885 2151 996 2224 turha
1019 2168 1179 2227 coercet

185 2274 275 2343 Post
298 2269 460 2369 pluviam
483 2270 690 2368 ingentem:
717 2270 770 2342 sic
797 2269 875 2342 illa·
888 2271 985 2343 exire
1012 2270 1173 2361 laborat,

188 2389 252 2462 Sic
277 2415 516 2489 quascunque
540 2407 665 2490 potest
687 2403 814 2492 partes
838 2417 878 2464 se
904 2410 1054 2493 torquet
1077 2395 1118 2468 in
1142 2413 1284 2482 omnes,

188 2509 397 2583 Sioaditus
422 2536 549 2584 omnes
575 2514 732 2610 quaerit.
781 2514 973 2612 Perpauoa
997 2515 1161 2612 roganti,
1308 2523 1382 2592 115

185 2631 236 2703 Ut
260 2629 395 2722 decuit,
419 2656 602 2731 responsa
627 2631 761 2704 dabat:
788 2657 869 2704 oum
895 2633 1051 2733 pulohor
1074 2637 1183 2709 Jesus

185 2903 221 2957 V.
244 2907 288 2958 98.
307 2905 379 2958 Edit.
398 2903 498 2957 venet.
519 2903 609 2954 oddits

348 2997 418 3060 Quid
434 2988 533 3060 plural
559 2995 620 3046 iloo
637 2995 722 3048 stiam
738 3001 905 3051 memorant·
922 3000 955 3052 ln
970 2941 1083 3052 lortius
1099 2999 1155 3052 illis

350 3089 380 3138 Si
397 3089 459 3152 quis
478 3086 597 3148 raptarit
613 3098 723 3138 somnos
741 3089 873 3149 sopitus'
865 3103 894 3138 m
910 3093 1008 3158 herbo,

350 3177 484 3230 Continuo
502 3175 651 3227 simulacro
667 3178 744 3228 videt
763 3179 897 3231 coelestio
913 3182 991 3232 miris

349 3273 421 3321 Anto
439 3268 534 3320 oculos
551 3263 662 3334 objecta
679 3271 767 3322 modis
783 3281 940 3336 arcanaque
957 3274 1066 3326 Dirum.

348 3361 410 3414 llos
427 3361 491 3412 nili
507 3361 632 3412 samarit
648 3363 756 3432 Beros,
773 3377 845 3428 quas
862 3365 964 3417 lumina
980 3369 1125 3428 postquam

350 3453 511 3520 clauserat,
530 3457 611 3517 atquo
628 3453 686 3505 illio
703 3455 852 3518 paullisper
869 3456 946 3508 tesso
963 3458 1081 3524 quierat,

347 3543 425 3596 visit
442 3549 473 3595 ut
489 3545 648 3608 innumerus
664 3547 693 3598 in
710 3549 813 3600 sonnis
828 3548 911 3614 longo
930 3550 1024 3600 ordino
1042 3549 1141 3617 gentis,

348 3637 442 3702 neges
458 3640 539 3701 atquo
558 3640 662 3705 ducos,
677 3641 795 3705 notros,
814 3641 892 3702 puori
910 3642 992 3704 atque
1009 3641 1120 3702 puellas

347 3732 420 3783 Anto
437 3730 579 3781 lavacrum
595 3731 692 3796 ingens
709 3733 894 3792 properabant
910 3733 1004 3784 tabiis
1021 3733 1119 3784 morbo

351 3821 475 3883 corporo
492 3822 619 3873 sertatim
637 3821 725 3873 sacris
743 3823 902 3888 abstergere
920 3823 1047 3888 lymphis.

347 3909 424 3961 Vidit
441 3916 469 3962 st
486 3912 640 3976 impositum
657 3915 812 3977 praeruptis
828 3916 963 3966 montibus
981 3925 1085 3979 oroem,

349 4002 437 4062 Quam
453 4002 612 4070 ferrugineo
631 4005 819 4056 circumtecti
836 4015 902 4056 sero
921 4007 1046 4072 gigantes

350 4091 515 4159 Terrigenas
534 4098 633 4148 ornati
651 4097 755 4148 mustra
772 4097 913 4148 obsidione
930 4096 1103 4162 prememus,

348 4183 553 4250 Nsoquicqusm
572 4191 601 4238 et
618 4192 715 4242 ooutrs
732 4191 895 4241 reserabunt
912 4191 1018 4238 tartara
1035 4189 1145 4252 portos3

349 4276 488 4339 Multoque
504 4282 651 4340 praetereo
667 4280 808 4331 variarum
825 4279 981 4344 aenigmata
996 4290 1098 4345 rerum,

349 4367 425 4426 Quas
443 4381 519 4422 nens
537 4372 649 4436 (quippo
666 4373 761 4424 sulita
780 4371 857 4429 olim)
875 4371 1033 4424 meminisse
1050 4369 1172 4424 loborat.
