2990 4906
499 225 502 230 '
604 222 841 294 LIBER
888 223 932 292 ll.
1312 234 1360 301 st

177 423 296 522 Quam
320 419 460 492 circum
482 441 600 490 canae
624 399 965 518 glacies'huirantur
991 432 1029 490 et
1053 415 1193 490 imbres

173 544 423 628 Vernantem,
448 563 525 618 nec,
545 537 674 610 duram
698 540 858 613 hiemem
882 539 1104 638 nimbosque
1120 539 1326 612 timentem.

172 661 268 733 Hinc
292 659 546 749 Bethsabaea,
572 657 659 752 hinc
683 661 844 752 Rachel,
870 678 908 734 et
932 659 1045 733 Silvia
1068 658 1207 749 ridens,
1287 667 1360 748 250
1450 645 1455 658 ⁵

174 783 207 854 Ο
234 806 329 880 quae
354 779 455 852 bella
479 781 632 854 humero
657 780 768 854 vestis
794 781 962 880 niveique
988 779 1177 852 cothurni!

174 903 278 1001 Quae
304 925 433 972 manus
458 900 553 974 haec
577 901 695 990 nevit,
720 925 817 998 quae
841 899 928 972 licia
953 898 1113 972 candida
1129 895 1264 972 torsit?
1342 949 1343 952 ,

171 1021 239 1092 llle
263 1020 319 1095 ori
345 1019 459 1119 digito
485 1019 624 1094 inserto
646 1019 917 1121 placidissimus
942 1019 1075 1111 adstat,

172 1143 254 1213 Nec
278 1157 391 1241 pavet
414 1139 595 1212 hirsutum
615 1118 779 1213 mentum
804 1139 1008 1231 Samuelis,
1033 1155 1071 1212 et
1093 1139 1251 1212 horrens

106 1278 114 1296 ⁸
173 1263 332 1336 Brachia
358 1257 514 1351 circum,
541 1258 885 1360 semiadapertaque
910 1276 1067 1359 pectora
1090 1259 1231 1332 linum„
1292 1269 1363 1341 25⁵

129 1395 131 1402 '
273 1384 323 1453 At
348 1380 437 1453 satis
464 1395 541 1471 est,
566 1396 724 1468 matres,
745 1378 835 1450 satis
861 1399 936 1453 est:
962 1379 1154 1454 discedere
1179 1379 1316 1454 lassam

175 1502 258 1574 Jam
282 1500 389 1574 sinite
415 1499 454 1570 in
479 1499 617 1600 patrias
644 1499 776 1572 aedes:
801 1525 887 1572 nam
910 1518 1081 1601 tempora
1104 1495 1219 1572 fando

174 1618 284 1692 Haud
308 1619 483 1695 deerunt:
509 1620 563 1692 sic
588 1619 694 1692 Beris
719 1643 832 1710 anus,
857 1620 911 1694 sic
931 1621 1109 1696 Debbora
1133 1619 1253 1711 dictis,

176 1741 242 1813 Sic
266 1741 372 1840 jubet
390 1763 455 1815 ore
481 1738 582 1838 gravi
607 1738 757 1812 Samuel
765 1767 778 1835 3
803 1767 890 1813 nam
915 1742 1048 1815 sistere
1069 1741 1176 1832 votis,

174 1863 255 1932 Nec
279 1862 452 1961 precibus
471 1879 627 1961 potuere
652 1860 756 1954 ullis,
781 1861 999 1964 facibusque
1024 1863 1194 1964 praeibat
1291 1873 1365 1941 260

172 1980 335 2069 Iuditha,
360 1981 473 2080 inque
499 1980 600 2052 diem
626 1981 691 2079 (ne
718 1981 935 2081 quicquam,
959 1983 1070 2073 Dira,
1084 1981 1266 2080 recuses)

175 2099 355 2172 Debbora
378 2102 453 2198 jam
480 2100 795 2173 statuitconrivia
820 2101 917 2174 festa
941 2119 1168 2199 sequentem.

172 2219 282 2290 Talia
304 2220 420 2315 Virgo
446 2218 530 2288 tulit
554 2219 680 2316 patrio
705 2217 838 2289 solatia
861 2219 950 2308 ruri,

173 2341 264 2410 Post
288 2351 438 2408 noctem
461 2335 683 2425 obscuram,
697 2336 866 2437 ‘suspiria
889 2355 1048 2438 votaque
1075 2341 1203 2434 multa,
1248 2347 1249 2354 ’

175 2445 390 2530 ¹Mercedem
414 2455 533 2528 luctus
556 2455 773 2556 primaeque
799 2457 1017 2559 crepuscula
1040 2459 1145 2536 lucis.
1294 2475 1366 2546 265

275 2578 357 2648 Nox
382 2576 466 2649 ruit.
516 2566 559 2648 In
586 2575 683 2648 nidis
710 2577 898 2668 volucres,
924 2579 964 2650 in
987 2578 1186 2657 frondibus
1209 2611 1311 2678 aura,

175 2699 261 2797 lpsa
286 2698 398 2770 etiam
422 2695 513 2795 ripis
540 2711 671 2795 stagna
696 2696 880 2770 acclinata
904 2699 1085 2798 quierant,

174 2822 223 2891 Et
247 2817 408 2890 dormire
433 2834 561 2916 putes,
585 2817 781 2917 pictasque
806 2807 845 2890 io
869 2822 1011 2920 gurgite
1037 2823 1163 2898 stellas

157 2942 269 3010 'Esse
294 2937 517 3036 quiescentis
544 2936 766 3010 nitidissima
790 2941 935 3012 somnia
957 2941 1132 3042 limphae.

179 3057 281 3130 Gom¹
294 3057 383 3131 levis
409 3058 449 3127 in
473 3055 600 3128 nimbo
627 3055 782 3156 delapsa
806 3058 1014 3134 volucribus
1040 3063 1109 3135 elis
1293 3075 1365 3146 270

176 3177 335 3248 Laetitia
359 3176 541 3248 interrae
567 3175 714 3248 stellato
741 3203 785 3250 ex
810 3179 959 3252 aethere
983 3183 1104 3256 venite

179 3297 246 3370 Cui
271 3321 396 3370 comes
420 3295 483 3368 ille
510 3297 612 3368 ciens
638 3297 802 3390 animos,
829 3318 866 3373 et
886 3319 1043 3402 pectora
1065 3329 1217 3380 versam

177 3417 356 3517 Spiritus,
384 3441 407 3488 a
431 3415 576 3515 capreis
601 3417 785 3492 montanis
811 3446 948 3494 nomen
973 3423 1141 3530 adeptus,

176 3539 347 3634 Ignotum
370 3535 477 3608 Latio
501 3562 658 3631 nomen,
683 3537 887 3637 pictoribus
913 3541 975 3614 ille

178 3655 364 3728 Interdum
391 3656 566 3730 assistens
593 3658 718 3757 operi,
743 3685 813 3732 nec
839 3662 985 3761 segnius
1009 3663 1151 3737 instans
1291 3671 1362 3744 275

178 3775 333 3848 Vatibus
361 3795 446 3849 ante
473 3777 564 3850 alios
590 3776 704 3851 Musis
730 3782 957 3878 gratissimus
982 3784 1130 3884 hospes.

276 3897 406 3969 Pastor
431 3915 511 3969 erat
534 3897 738 3996 DidymuS,
773 3903 836 4000 qui
871 3902 1058 4002 quondam
1084 3921 1212 4006 captus
1231 3927 1363 3986 ,amore

179 4013 339 4085 Caelesti
364 4041 446 4088 sese
473 4018 645 4089 comitem
670 4020 889 4124 sociumque
914 4023 1039 4123 puello

177 4131 383 4204 Addiderat
407 4136 505 4214 lesu.
553 4141 588 4210 Is
613 4157 741 4216 ventos
765 4146 981 4245 praedicere
1008 4143 1151 4237 doctus,

177 4279 593 4298 Ἢ

178 4317 282 4374 vata,
297 4321 387 4388 Vulgo
407 4324 612 4388 capricorn.
