2960 4908
513 259 755 332 LIBER
803 261 881 344 vlt.

137 458 198 530 Ire
222 454 353 526 iterum
375 453 492 553 juvat,
521 472 630 553 atque
654 456 708 528 illi
729 481 769 529 se
793 456 898 529 Beris
923 457 1022 529 eunti

138 577 261 672 Atque
288 599 356 673 ego
376 576 491 648 multa
514 601 683 675 gemens,
709 593 746 649 et
761 576 902 676 Zelphe
919 601 964 647 ao
990 575 1148 675 denique
1167 596 1320 652 cunetae

138 693 299 792 Adjungi
323 720 470 767 oramus
495 696 659 774 comites.
709 699 787 766 Lux
812 696 974 768 crastina
997 696 1147 769 tandem

140 813 214 885 Ore
240 839 314 884 uno
339 813 491 887 decreta
513 815 612 889 viae:
633 813 746 888 modo
772 817 926 888 cesserit
949 815 1079 907 imber,

140 933 414 1035 Candidiorque
440 933 519 1006 dies
542 937 730 1010 madidum
756 936 951 1010 deterserit
975 939 1159 1010 Austrum.
1253 953 1323 1022 250

135 1057 235 1151 Ergo
260 1081 416 1154 parens,
441 1055 554 1127 veteri
580 1081 624 1128 ex
649 1083 737 1129 aree
762 1056 849 1128 dum
874 1057 1002 1130 sedule
1026 1074 1161 1130 tostam
1375 1044 1381 1055 Ι

135 1174 329 1274 Depromit
352 1175 542 1263 Cererem,
567 1202 796 1277 rugosasque
823 1176 924 1276 eligit
948 1203 1048 1272 uvae,

136 1296 236 1393 Quas
261 1296 399 1368 Mariae
426 1314 463 1369 et
485 1323 603 1397 puero
629 1297 798 1396 designat
823 1321 995 1390 munera3
1021 1296 1134 1370 ssebat

135 1418 384 1514 Importunam
407 1417 582 1505 hiemem,
608 1416 720 1489 {lebat
743 1416 822 1512 sine
845 1415 998 1489 llorihu's
1023 1417 1164 1508 hortos,

135 1533 388 1634 Culpahatque
414 1537 513 1610 nives
539 1552 749 1634 mutatoque
775 1536 942 1610 balsama
966 1535 1061 1610 olivo
1247 1552 1318 1620 255
1410 1631 1412 1642 Ι

135 1645 263 1754 Nuper
291 1658 473 1730 Ithuraeo.
525 1658 643 1756 Quam
667 1657 777 1730 vellet
791 1655 902 1730 melle
927 1656 1111 1756 liquentes

131 1776 240 1848 Nune
263 1779 399 1850 misere
424 1778 588 1851 octobris
613 1775 704 1850 ficus
732 1794 770 1849 et
794 1795 946 1852 nectere
967 1777 1104 1879 plenos

129 1895 385 1995 Nequiequam
410 1898 558 1975 botros!
586 1897 617 1970 0
643 1912 772 1968 nostra
795 1896 861 1968 uhi
885 1921 996 1969 cerea
1019 1898 1156 1994 pruna!

132 2014 165 2086 0
191 2018 327 2105 nostri,
350 2017 494 2114 ajebat,
521 2042 619 2088 nune
644 2015 742 2086 mela
766 2013 936 2087 rubentia
960 2014 1074 2086 ruris!

129 2135 212 2206 Heu
238 2135 375 2234 glaeie,
399 2137 472 2207 heu
496 2134 600 2207 oanis
627 2134 818 2206 horrentia
842 2149 976 2204 cuneta
999 2133 1159 2232 pruinis!
1245 2147 1316 2214 260

229 2255 355 2352 Audiit
378 2255 473 2326 haee
494 2257 604 2325 Pater
629 2253 861 2352 omnipotens
888 2251 935 2343 de
959 2251 1096 2324 vertice
1122 2252 1284 2354 Olym-pi,

128 2353 199 2444 ‘cui
224 2374 387 2472 Zephyri
411 2390 563 2475 parent,
587 2373 646 2446 eui
671 2398 750 2464 ver,
778 2373 837 2446 eui
857 2370 1017 2472 pomifer
1042 2391 1159 2444 annus

129 2493 336 2591 Arrisitque
360 2494 498 2584 bonus,
532 2520 708 2593 spemque
734 2520 883 2568 omnem
908 2510 945 2564 et
968 2518 1122 2566 munera
1145 2493 1242 2582 vicit,

130 2614 331 2711 Improvisa
348 2631 500 2713 repente
524 2600 649 2686 ferens
674 2613 916 2711 mirandaque
941 2612 1051 2684 done.

128 2734 298 2830 Namque
323 2733 387 2806 ubi
402 2735 521 2834 prima
546 2734 634 2833 polo
659 2733 817 2806 rubuere
843 2731 1061 2831 crepuscula
1085 2729 1190 2822 lueis,
1243 2744 1312 2811 265

127 2855 160 2925 E
187 2853 339 2953 specula
363 2871 473 2955 eaput
493 2856 675 2955 impexum
701 2854 889 2953 caprarius
913 2851 1034 2924 Aleon

128 2973 302 3062 Protulit,
326 2974 526 3048 observans
552 2991 679 3047 ventos
706 2993 743 3043 et
766 2973 893 3044 nubila
918 2973 1025 3061 coeli,

128 3092 364 3191 Sublatisque
388 3111 495 3164 tuens
522 3093 637 3164 oeulis
663 3093 742 3164 sine
767 3091 925 3163 nubibus
951 3114 1076 3161 axemz

126 3214 232 3285 Bella
259 3212 357 3304 dies,
383 3213 520 3312 inquit,
547 3213 680 3285 nostris
707 3208 947 3285 accommode
970 3209 1082 3282 votis!

130 3333 208 3405 Oh!
235 3334 316 3432 quis
342 3331 436 3405 odor
460 3332 569 3406 veluti
595 3333 743 3406 florum!
769 3334 923 3430 vitisque
949 3330 1126 3404 tenellae!
1241 3339 1311 3408 270

128 3455 242 3525 Hem!
268 3453 396 3526 llores!
422 3451 532 3526 llores
557 3471 593 3525 et
616 3437 747 3554 poma!
773 3453 960 3551 Alphaee,
987 3453 1189 3537 Manasses,

93 3657 97 3664 Ι
129 3572 319 3662 Zambris,
343 3572 397 3644 io!
425 3571 593 3664 Simeon,
618 3600 688 3648 uro
713 3591 750 3647 et
774 3573 957 3645 narcissus
981 3571 1020 3644 in
1045 3573 1164 3645 horto.

129 3803 164 3853 V.
183 3806 243 3855 252.
264 3801 385 3854 Ceres.
403 3802 452 3870 IV,
472 3805 533 3855 414.
922 3831 953 3848 -.
976 3833 980 3837 ·

129 3894 602 3961 V.256.1thuraeus.V,481.
906 3925 912 3940 ι
1013 3911 1042 3958 μ
1078 3923 1133 3946 ..Ν

129 3985 164 4035 V.
184 3988 245 4037 25⁷.
264 3986 335 4036 nott.
354 3987 452 4037 venet.
472 4001 521 4050 pro
540 3991 678 4039 misere
693 3987 762 4054 legIt
779 3991 880 4054 ntique.

128 4079 163 4129 V.
182 4079 334 4132 steterit
353 4079 475 4130 Veneta:
875 4071 879 4080 ’
948 4099 951 4108 “

300 4190 302 4196 ’
336 4171 508 4235 sublattsqne
527 4173 613 4223 oculte
631 4172 756 4223 tnnubem
773 4175 803 4222 ut
819 4172 889 4223 stult
907 4170 1049 4233 olympum

334 4263 458 4326 Undique
478 4265 610 4328 egelidam
627 4265 712 4314 sensit
729 4266 763 4314 de
781 4265 916 4314 montibus
933 4275 1028 4314 auram

126 4353 159 4404 v.
179 4356 240 4406 tto.
259 4356 330 4406 Edit.
350 4366 399 4417 pro
418 4355 580 4418 vitisque
598 4356 766 4408 tenellae
784 4357 852 4421 legit
869 4357 1005 4418 myrtique
1023 4353 1159 4405 recentis!

1036 4439 1104 4526 9*
