2990 4906
185 247 233 314 ιο
652 229 968 302 LIBERI.

183 429 384 530 Respirant
407 426 577 528 paulum,
602 424 691 498 dum
714 425 816 499 lenia
839 425 980 524 frigora
1005 443 1177 527 captant,

183 551 243 626 Ex
267 548 465 648 improviso
493 546 613 644 (dictu
636 546 824 646 mirabile)
856 563 959 619 mota
1304 561 1390 630 225

182 647 357 743 Inclinari
382 668 493 744 arbos
520 693 542 739 a
566 684 693 766 tergo,
720 685 758 740 et
781 667 933 738 flectere
959 691 1100 740 summa

183 790 371 881 culmina,
399 785 553 862 detortis
578 789 763 861 invertens
788 786 942 866 brachia
967 786 1127 858 nuncies

183 911 293 1010 Quod
320 910 426 984 simul
452 909 658 998 assensit,
686 908 791 1007 (nam
814 907 942 1008 pronis
966 905 1161 979 frondibus
1188 906 1291 1007 ipsos

182 1033 265 1105 Jam
289 1033 429 1105 Mariae
454 1032 626 1131 attigerat
651 1031 772 1120 crines
799 1047 836 1102 et
858 1027 985 1101 mollia
1011 1026 1130 1126 colla)

181 1154 355 1226 Extimuit
380 1152 522 1243 subito,
547 1151 757 1252 pressitque
782 1148 831 1221 ad
854 1162 1174 1248 pectora'natum,
1303 1161 1383 1230 250

182 1272 450 1373 conversisque
475 1290 630 1374 repente
659 1270 776 1344 oculis
803 1270 966 1370 suspexit
990 1271 1099 1370 opaci

182 1392 412 1492 Obsequium
437 1395 621 1482 nemoris,
647 1391 858 1491 stupuitque
884 1391 1083 1464 tenerrima
1108 1408 1236 1468 mater.

180 1513 261 1584 Nec
287 1515 387 1590 satis.
437 1518 469 1586 E
493 1514 610 1587 curvis
636 1513 748 1583 ramis
773 1528 862 1583 nata
888 1512 990 1586 illico
1016 1537 1127 1613 poma

81 1645 85 1656 ‘
181 1632 323 1732 Sponte
352 1634 506 1724 cadunt,
531 1659 618 1734 pars
634 1648 719 1703 ante
743 1631 872 1730 pedes,
906 1659 994 1733 pars
1011 1658 1164 1732 gramen
1188 1632 1227 1701 in
1247 1628 1375 1718 altum,

180 1755 271 1826 Pars
296 1755 334 1824 in
351 1771 493 1854 stagna,
520 1754 695 1850 sinusque
710 1752 1066 1853 intergremiumque
1081 1752 1274 1825 resultant.
1301 1763 1373 1831 255

179 1873 419 1972 improvisum
444 1874 601 1946 imbrem
625 1873 831 1947 venientem
857 1874 1010 1972 suspicit
1035 1874 1115 1973 ipse

180 1995 379 2068 Percussus
409 1993 637 2095 quadrupes,
666 2009 777 2091 atque
801 1993 894 2064 ictas
921 1995 1085 2066 concutit
1110 2017 1234 2066 aures.

180 2116 265 2214 Ipsa
289 2140 401 2186 manu
426 2115 512 2187 dein
537 2131 640 2187 easta
659 2135 796 2213 parcns
822 2112 974 2187 acclinis
1000 2114 1049 2187 ad
1073 2113 1211 2186 undam

180 2235 369 2308 Fasciolas
393 2235 499 2334 pueri
525 2234 630 2325 lavit,
656 2234 841 2332 traxitque
867 2235 1054 2308 salubrem

183 2355 362 2427 Contactu
389 2355 515 2425 exilio
539 2354 611 2426 vim
635 2371 767 2453 postea
788 2353 923 2426 vitreus
950 2356 1080 2445 amnis,
1302 2363 1370 2442 240

145 2463 152 2476 .
180 2472 289 2546 Unde
315 2499 423 2546 sacro
447 2473 536 2545 tacti
560 2472 646 2569 igne
672 2471 822 2560 bibunt,
850 2472 1025 2572 aegrique
1052 2473 1214 2564 cameli,¹

181 2595 229 2664 Et
253 2593 345 2664 laesi
370 2591 499 2692 jaculis
527 2591 742 2683 abstergunt
765 2593 917 2666 vulnera
943 2594 1053 2668 cervi.

84 2745 91 2756 *
180 2716 284 2788 Haec
306 2714 393 2785 mihi
418 2711 594 2784 narrabat
618 2713 778 2811 Joseph=
803 2737 963 2811 namque
988 2713 1070 2812 ipsa
1090 2709 1259 2813 roganti,

183 2837 265 2934 Quo
290 2834 426 2933 fugiat,
453 2831 671 2934 pudibunda
693 2859 831 2932 parens
855 2833 946 2931 tegit
972 2834 1097 2907 omnia
1120 2836 1208 2906 risu.

178 2957 242 3043 „0
259 2981 354 3055 quae
368 2956 471 3043 mira,
493 2954 642 3052 hospes,
668 2957 867 3027 memoras!
895 2955 977 3053 Quo
991 2949 1125 3026 deinde
1138 2952 1275 3056 puella,
1301 2965 1365 3039 245

180 3077 291 3176 „Quo
318 3101 464 3175 gressus
490 3075 687 3174 peregrina
711 3073 821 3147 tulit?
846 3101 1005 3175 namque
1030 3076 1155 3149 abdita
1185 3062 1333 3175 prorsus

179 3200 405 3296 „Nunquam
431 3196 521 3268 alias
542 3194 666 3267 audita
690 3194 851 3267 refers.“
899 3197 1060 3286 „Procul
1069 3250 1081 3287 ,
1107 3197 1227 3294 inquit
1242 3197 1363 3284 Jonas,

180 3317 362 3416 „Excepit
387 3316 580 3414 Memphis,
606 3317 788 3414 Memphis
815 3316 874 3388 cui
898 3319 1044 3390 moenia
1070 3294 1218 3390 ceritum

34 3427 35 3434 ἵ
157 3461 159 3468 ·
179 3436 357 3524 „Circum
386 3452 511 3508 errant
535 3435 675 3534 stediis,
704 3437 838 3509 aeratis
861 3437 1023 3537 undique
1047 3438 1165 3537 portis

178 3559 355 3648 „Pervia‚
388 3552 666 3657 pensilihdsque
691 3557 828 3647 hortis,
855 3575 892 3630 et
915 3558 1095 3646 turribus,
1122 3560 1218 3628 inter
1297 3569 1362 3638 250

179 3679 369 3766 „Niliacas
394 3677 526 3767 urbes,
551 3679 659 3749 terris
685 3676 929 3750 celeberrima
952 3679 1054 3752 Eois.

178 3800 276 3885 „Hic
301 3826 388 3872 vero
416 3797 578 3871 exulibus
602 3797 740 3891 vnostris
767 3796 951 3869 eonducta
975 3823 1092 3900 prope
1118 3821 1264 3868 amnem

179 3917 386 4006 „Acdicula
412 3937 514 3992 extra
538 3918 667 3990 urbem
691 3916 913 4011 laetissima,
938 3943 1099 4017 namque
1125 3916 1296 3994 fenestris

179 4043 237 4126 „E
263 4040 418 4139 geminis
444 4039 587 4129 Nilum,
612 4060 796 4136 supraque
821 4037 993 4138 infraque
1018 4056 1185 4112 meantes

179 4161 441 4258 „Prospiciunt
465 4175 544 4261 toto
571 4181 677 4229 amne
702 4173 820 4247 rates,
847 4156 979 4234 solatia
1003 4159 1126 4235 fessae

180 4326 216 4381 V.
234 4329 286 4379 236
303 4333 332 4376 et
348 4327 399 4378 tat
418 4325 490 4376 Edit.
510 4324 608 4376 Vellet.
628 4323 737 4376 omittit.
