2960 4908
281 1488 580 1682 nisan
653 1477 1143 1618 cernuos.

612 1749 821 1763 m

503 1890 930 1966 ARGUMENTUM.

116 2083 214 2145 simon
228 2097 326 2156 mogus
342 2091 430 2142 ouius
453 2087 614 2144 adolescens
631 2091 751 2156 puellam
768 2089 903 2158 virginem
921 2084 1063 2138 samanae
1079 2081 1218 2135 sacrificat
1234 2083 1308 2133 Dae-

149 2193 242 2257 ruoui3
274 2196 302 2244 et
326 2195 441 2260 magicis
465 2194 622 2262 praestigiis
646 2207 679 2247 ee
703 2193 756 2246 Dei
780 2195 865 2246 tilium
888 2201 1055 2253 uxoremque
1081 2186 1198 2266 §elenen
1221 2185 1307 2238 Deam

146 2290 375 2364 iectans·vulgo
403 2299 526 2360 imponit.
580 2298 700 2360 Deiparu
722 2295 809 2364 Virgo
835 2301 864 2349 et
888 2295 992 2358 Joeepii
1019 2291 1167 2344 coelestem
1190 2289 1308 2340 Puemn

148 2402 250 2466 urant,
277 2403 308 2448 ut
331 2413 362 2451 se
379 2401 545 2452 manifestet.
589 2401 645 2451 Seu
661 2413 728 2451 vere
746 2401 856 2451 ineunte
874 2399 937 2450 dum
952 2395 1080 2460 templum
1097 2396 1131 2446 de
1149 2405 1224 2446 more
1242 2393 1308 2444 atie·

151 2504 218 2578 unt2
235 2502 264 2554 in
282 2503 372 2553 reditu
386 2502 481 2552 Jesnm
499 2503 634 2553 amittunt.
669 2502 767 2568 Magus
793 2503 926 2565 impostor
943 2500 1131 2552 samaritanos
1153 2499 1183 2550 iu
1207 2495 1307 2558 siluam

154 2603 246 2671 cogit,
266 2617 334 2668 quos
352 2605 450 2660 Selene
469 2616 562 2658 amore
580 2601 623 2656 sui
641 2609 669 2654 et
685 2605 781 2669 pravis
797 2605 936 2658 erroribus
953 2602 1058 2654 imbuit.

115 2807 126 2820 -
217 2766 339 2862 Atque
356 2767 450 2838 haec
461 2769 647 2840 Nazareos
665 2766 751 2839 dum
766 2794 852 2867 spes
868 2782 989 2855 tenet,
1017 2765 1186 2862 almaque
1202 2760 1307 2836 coelo

114 2886 198 2954 Lux
222 2885 372 2958 veniens
400 2885 529 2957 animis
554 2884 731 2984 paulatim
756 2885 906 2956 discutit
929 2884 1109 2973 umbram,

114 3006 218 3077 Ecce
243 3004 460 3104 repentinus
486 3029 630 3077 rursum
653 3007 870 3106 permiscuit
893 3005 1004 3076 urbes
1142 3099 1146 3104 ,

115 3121 283 3204 iudaeae
295 3176 307 3214 ,
333 3142 444 3223 atque
471 3150 618 3200 omnem
639 3126 749 3197 turbo
774 3126 984 3226 peragravit
1007 3123 1198 3211 Idumeu,'

115 3243 257 3318 Nubila
281 3269 397 3316 coeca
423 3241 547 3314 ferens
575 3262 611 3316 et
637 3271 758 3318 seram
783 3246 822 3317 in
848 3245 973 3317 secula
997 3260 1156 3317 noctem.
1287 3255 1307 3319 5

119 3363 225 3462 Quae
250 3360 371 3463 nuper
395 3365 530 3437 Libani
554 3381 674 3454 vates,
699 3391 867 3465 quaeque
892 3367 1028 3464 hospes
1053 3366 1167 3437 Jonas

116 3483 234 3555 Paulo
260 3500 366 3574 ante,
394 3501 504 3583 atque
530 3485 592 3556 alii
615 3502 768 3557 ventura
792 3483 979 3557 horrenda
1005 3482 1201 3570 canebant,

116 3603 284 3676 Evenerc
308 3620 407 3676 metu
432 3620 470 3676 et
494 3603 575 3676 diro
599 3620 741 3676 terrore
775 3604 844 3676 suh
867 3606 949 3704 ipsa

118 3723 219 3796 Anni
245 3748 437 3822 supremae
461 3709 608 3795 funesta
633 3723 784 3795 exordia
805 3724 934 3818 lunee3

119 3843 336 3943 Exemplum
360 3843 638 3917 memorandum
659 3843 810 3942 iugens,
837 3842 926 3943 quid
949 3840 1062 3915 foeda
1087 3838 1216 3928 libido,
1262 3851 1308 3916 10

120 4043 537 4062 ’.Ἀ-...ιι-ι--ι-ι-ι-

120 4153 156 4204 V.
190 4155 218 4206 6.
253 4154 378 4206 Libani
395 4158 499 4206 vates
517 4155 536 4203 i.
555 4167 580 4203 e.
598 4154 738 4204 Alciudus·
755 4153 817 4220 vll,
837 4156 888 4207 itt
905 4168 964 4219 sqq.
985 4156 1035 4210 892
1054 4167 1112 4216 sqq.

331 4245 469 4307 nospes
486 4245 609 4296 Jonas.
629 4246 689 4313 vii,
709 4248 751 4298 81.

122 4335 158 4390 V·
179 4337 221 4389 io.
257 4334 329 4386 Edit.
348 4335 447 4387 venet.
466 4347 516 4399 pro
533 4336 663 4402 iugens
679 4337 748 4404 legit
766 4337 840 4389 olim.
