2990 4906
601 205 850 342 'aruir
898 265 958 337 111.
1131 329 1137 346 .
1312 273 1358 352 tr

86 504 92 518 =
146 465 148 476 ’
175 465 329 541 Emissis
354 462 423 538 alis
447 455 658 563 ingentibus
682 467 769 536 aira
793 460 948 562 sparsis,

175 591 357 660 Tartareo
381 584 421 656 in
444 583 573 658 nimbo
596 584 731 686 pennis
754 583 930 658 subracta
952 571 1139 658 volabant·
1289 591 1360 662 200

174 706 327 780 Talibus
352 704 559 778 horrendus
583 706 739 806 spectris
763 721 937 806 eruperat
964 704 1082 780 Orcus

175 827 292 900 Multa
317 825 470 902 timens:
495 851 566 898 nec
591 825 691 898 enim
715 825 864 899 mortali
887 849 1011 926 pugna
1035 822 1200 924 gerenda

177 948 268 1021 Cum
293 947 426 1048 stirpe,
453 963 517 1019 aut
541 945 695 1047 simplex
719 946 852 1046 aliquis
877 943 1061 1018 fallendus
1087 969 1212 1020 eremo

177 1067 353 1142 Silvieola
360 1095 373 1162 3
399 1084 437 1141 at
461 1065 553 1140 dura
577 1068 616 1140 in
641 1091 794 1167 superos
815 1085 926 1168 atque
951 1045 1067 1138 ardrie
1088 1065 1129 1137 in
1145 1066 1267 1168 ipsum

176 1192 249 1261 Pro
271 1187 419 1288 templis
442 1189 589 1288 arisque
613 1189 752 1274 Deum,
777 1187 980 1288 spoliisque
1004 1187 1177 1288 repostis,
1292 1203 1363 1273 205
1419 1183 1421 1200 ¹

176 1307 281 1382 Bella
304 1306 387 1380 fore
411 1327 608 1398 armatum,
632 1331 724 1406 gens
749 1304 940 1406 praevidet
963 1305 1095 1406 impia,
1117 1289 1282 1382 Numen.⁸

276 1428 457 1500 Nazariae
480 1427 623 1504 interea
645 1442 804 1516 matres,
828 1442 870 1497 ut
894 1424 964 1498 rite
990 1427 1188 1524 quotannis

180 1547 262 1619 Mos
288 1564 385 1638 crat,
410 1546 595 1636 Infantes,
620 1571 778 1645 quorum
802 1570 924 1616 annua
949 1545 1027 1618 fata
1048 1545 1234 1640 redibant,

179 1666 352 1738 Unanimi
375 1666 414 1738 in
438 1684 547 1740 coetu
570 1665 722 1739 flebant.
772 1665 868 1738 Nam
890 1682 1034 1766 myrtea
1057 1664 1159 1757 silva,

176 1789 224 1858 Et
249 1786 339 1858 silva
354 1785 394 1857 in
416 1786 540 1859 media
562 1803 709 1888 pratum
730 1785 943 1886 circumque
967 1786 1183 1888 frequentes
1294 1802 1367 1873 210
1402 1885 1406 1893 ι

178 1904 347 1978 colliculi
370 1907 490 2007 exigui
512 1924 824 2008 monumentaque
846 1907 967 1982 tristia
989 1909 1130 2008 passim

177 2031 291 2102 Extra
313 2027 415 2102 urbis
440 2051 568 2098 muros·
590 2025 749 2100 fuerant.
798 2029 1007 2126 Fueratque
1031 2026 1105 2121 ibi,
1132 2045 1245 2125 gnato

178 2149 277 2221 Dina
300 2147 365 2220 uhi
388 2163 532 2219 moesta
556 2167 643 2236 suo,
670 2162 781 2244 atque
806 2171 874 2218 suo
896 2144 1141 2217 moestissima
1163 2149 1319 2243 Rachel,

177 2269 301 2366 Atque
327 2265 422 2338 aliae
446 2281 608 2362 aggesta
622 2279 724 2334 terra
745 2261 958 2364 tenerisque
989 2263 1174 2366 cupressis

77 2375 80 2382 ¹
180 2387 368 2461 Ornsrant
390 2383 570 2476 tumulos,
596 2381 754 2456 tumulos
777 2398 902 2456 tamen
925 2383 1023 2458 intus
1047 2385 1177 2460 inanes
1185 2435 1198 2478 ,
1293 2401 1367 2476 215

180 2507 326 2608 Quippe
351 2503 498 2604 ignotus
524 2503 639 2576 habet
659 2503 792 2604 procul
815 2503 903 2578 hine
928 2507 1149 2606 corpuscula
1173 2505 1325 2610 a'gellus.

178 2627 241 2699 Nil
267 2624 511 2698 miserabilius
532 2624 647 2698 risum
672 2649 845 2723 unquam.
896 2625 1066 2726 Namque
1090 2645 1132 2701 ut
1155 2631 1301 2706 acerbis

179 2745 376 2820 Aerumnis
401 2744 532 2818 aderat
556 2769 651 2848 quae
677 2741 784 2818 dictis
809 2743 949 2818 blanda
971 2745 1125 2841 mederi,

158 2857 377 2966 'solarique
402 2889 532 2965 aegras
557 2866 672 2966 Virgo
696 2864 889 2938 mitissima
911 2891 1002 2940 voce

180 2993 228 3060 Et
251 2987 350 3061 vultu
373 3003 521 3086 poterat
528 3013 541 3082 3
566 2986 667 3086 juvat
690 3011 838 3059 omnem
862 2985 1028 3059 evolvere
1053 3010 1180 3062 coram
1295 3005 1367 3076 220

181 3108 331 3181 Flebilis
355 3108 530 3180 historiae
559 3107 712 3196 seriem,
738 3131 849 3206 quam
874 3105 998 3180 dicero
1022 3131 1136 3208 saepe

184 3231 387 3303 consuerat
410 3226 573 3318 Rachel,
598 3225 667 3302 sed
689 3252 877 3326 nunquam
901 3226 956 3300 sic
977 3225 1170 3303 lacrimata
1194 3249 1261 3323 est,

183 3353 262 3423 Nec
287 3348 375 3423 lavit
398 3344 517 3422 velum
536 3347 707 3438 uberius,
734 3373 808 3446 quo
833 3346 972 3442 lumina
995 3349 1106 3449 tergit

182 3470 368 3544 Interdum
393 3493 548 3542 narrans
574 3465 696 3558 calido
718 3468 905 3541 manantia
929 3467 1028 3544 fletu.

182 3595 265 3664 Heu
289 3609 416 3664 natum
439 3589 504 3661 illa
529 3614 633 3690 suum
657 3613 806 3662 caesum
831 3589 1028 3664 crudeliter
1052 3591 1135 3694 ipso
1294 3609 1364 3682 225

183 3717 225 3784 ln
249 3712 389 3812 gremio
414 3734 620 3812 parvasque
645 3735 794 3801 manus,
821 3728 931 3810 atque
955 3728 1114 3812 utraque
1139 3713 1237 3788 collo

182 3833 341 3904 Brachia
365 3830 577 3904 tendentem
600 3830 762 3906 lacrimis
786 3830 1031 3904 reminiscitur
1055 3857 1178 3934 aegra.

185 4015 602 4034 m

183 4147 219 4198 V.
227 4148 279 4198 ¹⁰⁰
294 4147 322 4194 et
335 4141 396 4194 ¹⁰1.
411 4141 586 4193 Tartarus
606 4141 667 4194 slvs
685 4141 801 4193 tamara
812 4144 916 4204 (amm)
931 4141 1009 4194 loona
1024 4141 1175 4196 interorum
1188 4133 1389 4211 profundunt?

290 4248 365 4298 naus,
384 4231 498 4284 Orcus
521 4235 628 4293 (Dans
639 4233 809 4301 inferorum,
831 4235 904 4285 ldsru
921 4233 967 4298 qul
985 4234 1063 4286 Pluto
1087 4239 1117 4288 at
1132 4239 1182 4290 Dis
1205 4241 1299 4308 Pater)
1317 4257 1367 4312 pto

287 4331 348 4393 ipsa
365 4329 451 4379 morte
465 4329 493 4377 et
509 4326 573 4380 loco
584 4325 733 4382 uterorum
743 4325 885 4393 acubitu.
919 4327 1000 4392 virg.
1017 4331 1086 4394 aar.
1104 4333 1132 4401 o,
1147 4334 1207 4385 stt.
