2990 4906
179 264 202 330 5
595 233 949 319 'ulsseut

182 441 366 518 Gorbibus
388 442 427 513 iu
454 459 566 542 caput
588 411 754 540 injeclis,
779 439 943 540 tectique
968 439 1116 540 galeris,

183 567 284 666 Quos
311 561 446 662 cuique
471 562 660 661 ingenium
683 559 1064 653 tulerat,'succedere
1090 561 1198 636 tectis
1300 577 1375 642 110

181 682 400 784 Agricolae,
428 701 464 755 et
489 682 623 756 clausis
649 682 795 756 nimbos
822 708 949 754 arcere
976 679 1162 760 fenestris.

180 808 305 905 Atque
330 805 382 878 ita
408 829 646 904 congressum
670 803 813 903 pluvia,
841 819 878 874 et
903 829 976 877 nox
997 820 1076 874 atra
1103 801 1258 878 diremit.

254 927 324 998 Ast
345 922 410 996 ubi
436 925 583 1000 deterso
609 926 756 1026 penitus
779 922 998 998 nitidissima
1022 927 1103 996 Eoo

179 1051 290 1120 Mane
316 1071 451 1120 aurore
476 1045 602 1145 algens
630 1045 758 1118 bumili
783 1045 829 1116 de
855 1044 950 1119 colle
975 1043 1131 1134 refulsit,

180 1168 394 1242 Convenere
421 1190 549 1240 senem
574 1166 746 1239 Susanna
770 1183 807 1238 et
831 1165 1008 1238 Debbora
1032 1166 1186 1264 primae,
1299 1179 1370 1244 115

159 1288 292 1388 'Queis
317 1289 436 1362 Maria
459 1306 545 1361 ante
571 1289 662 1362 alias
686 1285 815 1386 primis
842 1303 1053 1360 assueverat
1074 1287 1180 1363 annis

178 1408 321 1480 Bimula
344 1409 485 1498 adbuc,
512 1411 658 1509 utrique
684 1407 774 1480 olim
798 1405 1010 1480 discrimine
1034 1431 1149 1504 parvo

177 1527 338 1600 Areolae
365 1530 499 1625 junctis
524 1529 664 1602 laribus
691 1528 923 1602 contermina
941 1543 1053 1598 tecto.
1112 1551 1114 1559 ⁴

178 1646 272 1720 Huic
297 1647 362 1719 illa
387 1649 564 1722 intextum
589 1650 755 1724 velamen
780 1650 951 1736 irriserat,
978 1647 1031 1719 illi

179 1766 364 1840 Niliacam
388 1795 520 1842 zonam
527 1799 539 1865 3
565 1789 602 1844 et
624 1771 744 1871 gnatis
769 1793 918 1868 quoque
943 1767 1036 1841 Diva
1060 1764 1237 1865 gemellis,
1297 1778 1369 1844 120

177 1885 377 1986 Utriusque
401 1915 561 1982 memor,
588 1917 676 1964 cera
701 1891 747 1964 de
774 1885 934 1963 candida
959 1886 1140 1959 eburnum

178 2004 386 2082 Addiderat
408 2009 508 2120 dono
532 2039 671 2113 pupum
695 2037 779 2086 cum
805 2008 966 2082 crinibus
993 2008 1126 2096 aureis,

177 2126 327 2200 Vellere
353 2133 599 2231 compositum
623 2135 752 2228 niveo,
780 2149 817 2204 et
843 2127 1048 2203 devellere
1075 2126 1207 2200 eodem

178 2245 440 2323 candidiorem
465 2251 579 2324 ebore
605 2269 643 2325 ct
666 2253 794 2353 cycnis
820 2249 1037 2346 adjunxerat
1061 2273 1207 2347 agnum.

176 2368 253 2440 Has
276 2369 402 2441 senior
427 2396 571 2444 merces
596 2371 659 2442 ubi
683 2371 853 2470 protulit,
879 2370 977 2441 inter
1002 2367 1119 2441 odora
1297 2377 1363 2445 125

178 2486 357 2560 Ginnama
381 2514 474 2586 quas
499 2515 626 2562 secum
647 2508 884 2566 convexerat=
910 2491 991 2559 Hoc
1017 2486 1085 2558 tibi
1109 2487 1246 2574 velum,

179 2607 348 2680 Susanna
357 2637 370 2704 3
396 2611 511 2698 hanc,
536 2611 667 2710 iuquit,
692 2614 864 2684 Phariam
889 2608 967 2698 tibi,
995 2607 1183 2697 Debbora,
1208 2607 1362 2706 pallam3

177 2730 302 2826 Atque
326 2730 421 2802 haec
445 2733 605 2821 Benoni,
631 2734 724 2804 haec
749 2732 880 2806 Vasthi
904 2728 1119 2800 munuscula
1144 2728 1243 2800 ferre
1280 2793 1282 2800 .

179 2847 370 2922 Commisit
388 2850 525 2939 Maria,
550 2850 663 2949 inque
689 2853 747 2938 sui
770 2875 837 2930 vos
861 2853 995 2952 pignus
1022 2852 1156 2925 amoris

177 2971 254 3041 lsta
277 2987 405 3042 tenere
430 2989 555 3071 rogat:
581 2972 724 3045 veniam
750 2971 856 3046 simul
881 2999 999 3073 usque
1023 2989 1222 3074 precatur,
1292 2981 1359 3052 130

179 3088 321 3162 Sinon
345 3091 464 3190 plura,
491 3092 572 3164 exul
596 3119 730 3192 nempe
757 3113 795 3165 et
818 3094 1063 3193 paupercula,
1090 3093 1215 3168 donat.

180 3208 413 3308 Obstupuere
439 3212 570 3286 ambae
594 3239 811 3313 percussae,
838 3229 875 3286 et
898 3213 1012 3285 multa
1036 3214 1199 3287 volentes

178 3331 326 3420 Dicere,
351 3357 429 3404 nou
452 3331 533 3406 illas
559 3332 745 3433 lacrymae
774 3335 1002 3434 gemitusque
1028 3334 1209 3408 sinebant.

178 3451 377 3541 Mirantur,
403 3472 622 3552 versantque
647 3479 758 3526 manu
782 3456 996 3528 tenuissima
1020 3455 1108 3544 lina,

178 3572 323 3669 Vixque
350 3570 485 3647 audent
511 3573 631 3672 digitis
659 3577 873 3673 contingere
896 3600 1006 3646 cerea
1030 3573 1179 3648 summis
1291 3592 1359 3657 135

178 3695 353 3783 Munera,
379 3720 450 3766 nec
475 3712 623 3768 cessant
648 3694 796 3767 alternis
821 3693 979 3765 reddere
1004 3710 1137 3791 grates.

177 3813 333 3910 Jamque
358 3814 452 3886 aliae
478 3815 619 3886 interea
643 3831 798 3902 matres,
825 3829 1057 3912 nuptaeque,
1083 3839 1284 3912 nurusque,

177 3991 213 4040 V.
234 3991 410 4042 mauors
439 3997 481 4042 est
499 3993 612 4042 Lucifer
630 3972 841 4059 (φωσφόρος),
880 3995 962 4045 stella
978 3993 1104 4046 Veneris.
1141 3996 1199 4048 cfr.
1215 3994 1270 4065 Vl,
1298 4001 1356 4050 2⁰4.

314 4082 393 4146 virg.
414 4085 514 4148 Georg.
533 4084 555 4148 1,
576 4085 635 4134 288.

176 4174 211 4221 v.
233 4175 290 4224 12⁰.
309 4174 473 4225 Niliacus
492 4177 510 4226 i.
530 4189 556 4238 q.
575 4175 729 4242 aegyptius.
748 4176 770 4241 l,
791 4177 833 4227 sl.

175 4265 210 4314 v.
232 4267 290 4316 tte.
310 4267 425 4325 Papus
451 4269 476 4314 tr.
501 4266 519 4314 1.
539 4267 712 4334 imaguncula
728 4269 860 4331 quaedam
886 4272 1006 4334 speciem
1020 4279 1022 4293 ¹
1029 4275 1107 4334 pueri
1130 4273 1222 4322 tenelli
1249 4281 1358 4332 reprae-

312 4360 431 4404 sentens.
