2960 4908
575 252 929 343 urrunnu.

189 472 429 570 Alternisque
453 465 605 546 trahunt
629 465 760 547 amhae
786 465 1018 543 sermonibus
1043 467 1169 546 horas.

194 599 297 668 Haec
323 589 440 668 semel
463 586 565 663 haud
588 590 705 670 tenuit
728 613 830 680 sese,
858 588 948 686 quin
974 585 1102 662 sedula
1125 547 1249 665 mullis
1351 601 1353 606 ’

192 721 286 789 Rem
309 728 454 814 peteret
477 709 653 811 precihus
665 763 676 800 ,
702 735 814 810 quam
837 726 1113 809 pertentaverat
1137 729 1223 784 ante

191 835 352 907 Lusibus
377 832 570 926 ohscuris3
594 857 693 904 nunc
718 856 804 904 vero
831 854 962 904 exorsa
986 830 1178 930 precando

196 957 260 1029 Sic
288 954 387 1026 fatur
413 950 534 1024 dictis.
585 953 723 1041 Maria,
749 951 886 1050 inquit,
912 976 981 1051 per
1003 967 1105 1024 vetus
1130 949 1229 1024 istud
1341 960 1387 1039 [15

193 1079 395 1149 Commune
421 1072 621 1172 hospitium
645 1073 862 1172 primaeque
889 1070 1093 1170 crepundia
1116 1089 1266 1147 nostrae

192 1196 335 1271 Aetatis
362 1194 469 1267 simul
496 1211 665 1284 exactae,
691 1191 841 1291 quando
867 1193 992 1264 omnia
1017 1191 1164 1290 (sancte

194 1315 391 1418 Spondeo)
418 1331 564 1388 secreto
590 1313 660 1386 sub
685 1331 837 1412 pectore
865 1312 965 1386 dicta
989 1339 1182 1413 reponam,
1287 1361 1293 1370 ›

193 1440 275 1512 lllec
300 1463 402 1510 meus
427 1437 509 1536 ipse
527 1436 622 1508 sciet
646 1435 800 1534 conjux,
825 1459 896 1508 nec
919 1435 1056 1508 resciet
1081 1459 1183 1526 aura,

196 1558 294 1657 Quin
318 1557 486 1630 mihimet
510 1555 632 1632 studio
657 1581 862 1656 properare
879 1525 1024 1638 oblivia
1048 1555 1167 1650 uitar3
1345 1571 1391 1639 50
1469 1635 1474 1646 ,Ν

191 1678 315 1756 Per
285 1703 317 1748 sr
341 1678 431 1776 quid
455 1679 591 1770 merui,
618 1703 688 1778 per
714 1675 894 1776 quidquid
918 1701 1076 1777 poscere
1102 1675 1162 1750 fes
1187 1693 1256 1770 est,

196 1798 291 1870 Gara
308 1799 398 1869 mihi
423 1816 510 1872 ante
535 1799 648 1894 alias,
674 1799 733 1869 cui
756 1823 846 1886 vor,
872 1799 931 1870 eui
955 1800 1076 1898 gretia
1099 1814 1189 1872 neta

193 1917 368 1989 Solamen
395 1919 514 2009 curis,
540 1919 658 1992 semel
683 1917 880 1990 exorabilis
907 1935 1001 1995 esto.

192 2040 287 2111 Fare
314 2060 403 2132 age,
431 2038 515 2134 quis
539 2036 692 2108 tandem
717 2035 847 2134 genius
869 2052 952 2109 tuus
977 2035 1076 2110 iste?
1099 2061 1254 2138 puerne,
1373 2035 1374 2044 ’

194 2161 256 2231 An
280 2155 443 2229 divinum
469 2155 612 2254 aliquid
634 2156 701 2228 tihi
726 2154 874 2254 lapsum
899 2181 944 2226 ex
968 2159 1138 2251 aethere,
1171 2175 1212 2229 ut
1235 2159 1318 2258 ipsa
1345 2171 1390 2240 55
1442 2141 1449 2154 ’

195 2277 398 2376 Suspicor,
427 2275 465 2346 iu
492 2272 701 2374 gremium?
728 2274 813 2346 Tibi
841 2301 1000 2375 namque
1026 2276 1230 2351 simillimus
1255 2278 1319 2352 ille

198 2397 273 2471 Ore
299 2395 417 2468 refert
443 2396 538 2471 adeo
563 2414 664 2486 toto,
690 2403 801 2496 teque
829 2396 998 2496 exprimit
1020 2424 1100 2490 ore,

198 2521 328 2616 Teque
354 2541 488 2612 unam3
513 2535 557 2591 ut
580 2535 681 2602 certe
709 2518 746 2589 iu
772 2519 881 2590 terris
901 2503 1015 2618 'quasi
1040 2518 1192 2592 credula
1215 2521 1334 2620 jurem

197 2637 284 2709 Non
307 2638 480 2712 hahuisse
505 2655 665 2738 patrem.
713 2638 799 2709 Tibi
821 2664 919 2740 vero
933 2656 1039 2712 tanta
1061 2657 1246 2732 venustas,

197 2762 321 2858 Atque
347 2760 442 2832 adeo
468 2775 619 2858 apertu
644 2758 697 2830 nil
722 2761 840 2858 gratia
865 2759 1019 2832 decolor
1043 2761 1132 2849 oris,
1348 2773 1393 2842 60

195 2879 258 2952 Nil
284 2880 428 2979 speeies
453 2878 567 2969 laesa,
596 2895 634 2951 ut
656 2881 780 2979 possis
806 2880 1081 2978 quodammodo
1107 2879 1211 2954 credi

196 3001 336 3088 Mater,
363 2999 484 3070 adhue
509 3003 626 3096 virgo.
677 3001 836 3072 Veniam
858 3025 994 3096 precor
1019 3001 1090 3072 ista
1114 2998 1282 3099 loquenti
1290 3029 1303 3096 3

197 3121 292 3189 Nam
319 3135 401 3190 tuus
428 3119 498 3190 ista
524 3117 615 3190 facit
637 3120 796 3190 miserae
823 3117 953 3190 deliria
978 3138 1098 3209 natus,

200 3237 309 3308 Crine
336 3237 450 3328 aden,
476 3245 601 3340 gestu,
627 3241 801 3338 vultuque
827 3239 1019 3337 oculisque
1046 3238 1227 3336 decorus;

198 3359 249 3430 Ut
273 3358 304 3429 si
328 3359 503 3434 mortales
536 3363 635 3434 Deus
662 3363 742 3460 ipse
768 3385 955 3432 assumere
982 3358 1093 3433 vellet

199 3479 446 3579 Omnipotens
472 3499 571 3556 artus
598 3482 733 3581 (ausim
759 3481 831 3552 hcc
858 3505 1006 3579 quoque
1033 3479 1177 3581 dicere)
1203 3480 1309 3573 talea,

198 3601 280 3672 Nec
304 3599 417 3674 eredo
442 3629 605 3703 unquam
630 3602 722 3674 alios
747 3599 860 3674 vellet
884 3602 955 3675 sihi
979 3601 1117 3703 fingere
1142 3602 1275 3683 tultus,

199 3721 334 3793 Nonne
360 3721 483 3813 vides,
510 3748 605 3821 quae
628 3722 749 3796 forma
773 3722 848 3813 illi,
876 3727 971 3822 quae
997 3727 1116 3824 gratia
1141 3721 1258 3812 fandi,
1366 3768 1370 3780 ·

202 3841 273 3938 Qui
300 3841 431 3934 decor,
458 3843 553 3924 alme
580 3847 718 3915 Parcus
745 3868 893 3932 rerum,
919 3871 1013 3941 quae
1040 3845 1180 3917 lumina
1204 3843 1328 3916 fronte

201 4089 237 4140 V.
274 4095 308 4142 to
327 4092 355 4141 in
372 4093 443 4143 Edit.
462 4097 561 4146 venet.
580 4098 760 4148 desideretur.
843 4099 847 4104 '

201 4181 237 4231 V.
274 4186 317 4234 et.
336 4184 407 4233 nuit.
426 4185 549 4238 Veneta:
569 4189 663 4252 Usque
680 4189 748 4240 adeo
767 4192 796 4238 te
811 4199 882 4239 voce
900 4187 998 4238 refert.

202 4273 238 4323 V.
274 4275 318 4326 et.
336 4275 409 4326 Edit.
427 4275 524 4328 venet.
544 4291 593 4342 pro
612 4292 656 4343 qu
667 4281 766 4331 odam
778 4281 875 4331 modo
891 4279 960 4344 legit
976 4277 1168 4342 pulcherrime.

202 4364 237 4414 V.
275 4369 319 4420 ⁸⁹.
337 4367 408 4420 Edit.
432 4369 522 4420 Daoi.
539 4381 589 4432 pro
606 4372 695 4422 alme
718 4381 862 4434 perpetem
885 4371 954 4437 leglt
977 4371 1059 4424 dote.
