2990 4906
116 202 162 270 70
326 227 328 230 -
537 186 776 255 uranu
824 185 907 294 W:

117 381 184 456 Gui
209 382 368 473 cithara,
394 396 431 453 et
455 380 571 481 'I'yrio
596 377 780 480 fulgentes
805 379 944 452 murice
968 380 1077 454 vittae
1085 406 1098 474 3

114 501 215 576 Illius
241 528 329 604 ergo
355 530 482 594 soror,
506 503 718 602 pariterque
743 501 932 600 Ligustica
954 498 1104 604 Phoebe

116 627 253 724 Magna
281 625 460 724 Quirinali
485 625 619 698 scitare
645 623 797 697 oracula
822 621 938 698 oolla:
1199 700 1202 710 ,

115 745 271 818 Vatibus
295 745 358 818 ille
381 764 531 848 praeest
555 747 689 834 sacris,
715 762 826 842 teque
850 744 921 816 ista
944 737 1108 818 docebit.
1233 749 1308 816 260
1335 797 1337 800 -

216 865 367 940 Talibus
394 865 851 976 illeoabrisblandissima
871 863 987 961 Virgo
1013 858 1160 934 solebat

103 986 199 1058 Jam
223 1003 310 1058 tuno
334 986 400 1058 illa
424 1011 512 1059 suos
536 986 668 1062 felices
692 981 850 1059 reddere
878 998 1064 1075 amantes,

118 1110 199 1207 Quo
225 1134 293 1181 nos
321 1108 507 1180 extimulet
530 1108 670 1208 pariter
694 1124 771 1180 tam
795 1105 951 1205 pulchra
976 1099 1125 1202 cupide,

117 1227 297 1327 Exiliique
321 1255 465 1302 moram
489 1211 604 1302 faliar'
620 1253 706 1330 spes
732 1225 829 1298 alma
854 1221 1012 1298 fruendi.

30 1359 33 1370 '
115 1347 213 1419 Nam
238 1347 443 1448 siquando
469 1349 600 1424 domos
630 1373 783 1449 superas
810 1344 873 1417 det
890 1343 994 1416 adire
1017 1343 1146 1415 beatas
1232 1353 1304 1420 265

119 1466 258 1567 (Spero
285 1470 474 1570 equidem)
501 1473 597 1544 Puer
621 1470 683 1543 ille
708 1470 827 1556 Deus,
855 1491 965 1565 quem
989 1459 1147 1536 reddere
1174 1477 1285 1534 cantu
1348 1549 1349 1552 Ἴ

117 1589 374 1681 Praesentem,
402 1609 443 1665 ut
460 1617 640 1709 possum,
664 1613 778 1662 oaeoa
802 1588 841 1659 in
866 1587 1018 1686 regione
1043 1584 1196 1679 laboro,

120 1709 267 1805 Quanta
292 1711 363 1782 erit
385 1711 450 1783 illa
474 1711 606 1783 animis
633 1707 821 1781 exundans
848 1706 909 1779 dia
934 1707 1101 1805 voluptas

120 1828 210 1901 Cum
236 1829 424 1904 Genitrioe
449 1848 531 1922 tua,
558 1846 761 1918 attacum,
786 1825 1033 1928 pulcherrime
1058 1853 1195 1917 rerum,

81 1999 84 2006 -
119 1953 191 2022 Per
215 1953 341 2051 magni
363 1950 512 2068 stellata
535 1950 614 2051 poli
639 1973 802 2021 convexa
827 1947 963 2046 vagari,
1010 2045 1013 2052 ¹
1238 1957 1308 2027 270

119 2073 168 2142 Et
191 2074 363 2173 reputare
390 2097 528 2164 annos,
556 2088 594 2143 et
616 2068 733 2176 laeta,
758 2067 937 2168 perennia
962 2067 1089 2154 lustra,

73 2274 79 2288 s
119 2193 396 2293 Aeternumque
421 2193 498 2265 illic
524 2171 696 2264 obeunda
723 2188 931 2288 expendere
953 2188 1070 2261 secla!

123 2311 242 2409 Quam
260 2312 384 2404 vobis,
411 2313 553 2412 superi,
578 2310 742 2382 invideo!
768 2307 967 2402 vobisque,
993 2309 1120 2380 tenelli

121 2434 340 2522 Laetantes,
366 2431 530 2504 Libitina
550 2456 664 2501 manu
691 2453 784 2527 quos
809 2427 910 2500 uellit
936 2428 1105 2524 acerbos,

122 2551 174 2623 Ut
196 2547 425 2652 ferrugineas
450 2549 585 2640 violas,
611 2566 652 2621 ut
674 2548 821 2652 persica
846 2566 934 2621 nata
1239 2561 1306 2631 275

122 2670 304 2744 Primitias
329 2673 442 2761 ruris,
468 2671 617 2746 veniens
644 2689 739 2767 quae
765 2668 894 2741 sedula
919 2673 1073 2770 agrestis

123 2791 284 2864 Urbanis
310 2791 468 2863 dominis
495 2791 683 2863 consuevit
707 2788 1014 2898 ferqeoanistriS,

125 2910 321 2984 Laetitiam
347 2929 496 2985 exactae
521 2910 673 2983 brumae
699 2935 877 3010 spemque
903 2909 1027 2982 uberis
1053 2909 1152 2982 anni.

127 3183 241 3238 vdit.
264 3188 374 3251 tyrio
400 3165 550 3242 murice.
584 3191 617 3244 In
648 3193 719 3243 mari
748 3193 823 3242 cirea
847 3190 989 3257 tyrum,
1020 3191 1115 3242 urbem
1150 3191 1309 3242 maritimam

228 3281 408 3350 Phoeniciae,
434 3283 641 3335 laudatissimae
659 3296 796 3347 purpurae
817 3284 1007 3348 capiebantur,
1034 3297 1068 3333 ex
1087 3284 1182 3346 quibus
1196 3284 1309 3346 optimus

233 3374 309 3425 color
327 3375 464 3438 'tyrius
481 3377 578 3426 dietum
594 3376 717 3437 Propert.
736 3378 763 3443 4,
783 3379 809 3443 5,
828 3377 871 3425 22.
891 3375 969 3427 ovid.
987 3379 1052 3428 Met.
1071 3379 1098 3443 6,
1116 3380 1177 3428 222.

24 3489 25 3494 1
130 3464 166 3516 V.
185 3464 246 3519 tte.
265 3467 473 3536 Ligustica,
496 3468 516 3519 i.
536 3483 561 3519 e.
582 3470 617 3520 ad
634 3468 774 3532 Liguriam
791 3469 946 3535 pertinens,
972 3471 1111 3533 regionem
1129 3470 1225 3520 ltaliae
1244 3469 1309 3532 alpi-

233 3559 284 3610 bus
302 3560 460 3626 maritimis,
478 3560 633 3628 Apennino,
658 3561 769 3614 Etruria
786 3563 815 3612 et
830 3561 970 3626 Ligustico
987 3562 1057 3611 mari
1074 3561 1310 3625 oucunuuriptan.

235 3651 541 3717 Phoebecf.11,1.

130 3744 166 3796 V.
185 3745 245 3797 tte.
264 3743 502 3804 CoIttsQuirinalis
521 3748 626 3805 (Monte
637 3747 759 3805 cavallo)
775 3759 844 3796 uuus
861 3758 896 3796 ex
911 3749 1015 3808 septem
1022 3745 1126 3796 Romae
1143 3743 1219 3806 urbis
1237 3744 1310 3797 oolli-

234 3837 293 3887 bus.
331 3837 410 3888 ovid.
427 3837 503 3888 Fast.
520 3839 546 3904 2,
566 3839 626 3891 ⁵11.

131 3929 166 3978 V.
186 3930 246 3980 toa.
265 3929 336 3980 Edit.
355 3929 453 3979 venet.
471 3941 520 3991 pro
537 3932 606 3980 tam
624 3931 778 3993 pulchra
795 3929 813 3978 1.
833 3916 935 3977 diuina.

132 4020 167 4070 V.
186 4023 246 4071 265.
264 4022 334 4071 Edit.
352 4021 451 4072 Venet.
469 4034 518 4086 pro
535 4035 694 4084 superas
711 4023 730 4071 1.
750 4021 840 4070 fessis.

134 4111 168 4162 V.
186 4114 245 4164 274.
266 4112 432 4164 Libitina
449 4114 467 4163 i.
486 4127 510 4164 e.
530 4115 702 4179 Proserpina,
720 4112 841 4162 Plutonis
854 4123 932 4178 uxor,
951 4110 1048 4176 regina
1060 4111 1222 4177 luterorun,
1241 4121 1309 4160 mor-

175 4275 178 4280 Δ
238 4205 291 4253 tuis
308 4216 437 4268 praeesse
454 4209 614 4269 putabatur:
631 4204 812 4268 metonymice
822 4217 871 4267 pro
887 4206 973 4256 morte
984 4204 1052 4266 ipsa.
1070 4206 1170 4256 Juven.
1190 4205 1232 4269 14,
1251 4202 1307 4255 122.

240 4297 305 4346 Hor.
326 4296 375 4347 od.
392 4303 419 4362 8,
438 4301 481 4362 ³⁰,
500 4300 527 4349 6.
