2990 4906
582 208 916 322 munau.
1297 240 1343 308 55

156 426 205 495 Et
228 418 332 496 violis
358 417 498 492 crinem
522 415 746 518 praecinctis
771 441 843 490 nec
867 443 983 494 mora.
1021 421 1233 520 ffPcatquam

156 544 317 615 Ventum
342 555 399 613 est
422 537 569 614 stellato
592 537 661 612 sub
688 537 750 612 dio
775 537 824 612 ad
847 536 974 638 limina
994 556 1084 612 nota
1273 557 1344 628 310

154 661 384 734 Summissim
405 659 502 730 inter
526 683 565 730 se
590 659 769 759 primum,
794 658 999 759 intentique
1026 686 1183 736 canoras

156 780 316 855 Auribus
343 778 534 879 explorant
559 779 737 874 chordas,
758 778 985 878 tenduntque
1010 781 1272 890 remittuntque
1335 760 1339 768 ⁶

155 901 216 974 Ad
245 925 417 973 numeros
444 899 577 972 calami
602 918 736 976 certos.
787 900 1009 1005 Cunctisque
1026 904 1173 1006 paratis

155 1022 251 1093 Dum
277 1020 432 1120 quisque
458 1018 591 1093 officiis
617 1038 758 1112 certat,
783 1019 998 1124 primusque
1022 1039 1170 1094 recusat

155 1143 342 1241 Rumpere
367 1167 458 1241 prae
482 1137 635 1244 reliquis
660 1159 843 1216 nocturna
868 1139 1148 1248 silentia'vocej
1259 1157 1343 1226 ‚515

154 1263 237 1358 Ipse
263 1284 414 1352 canam,
439 1261 550 1336 finem
573 1264 781 1363 positurus,
805 1259 984 1358 Didymus
1010 1261 1158 1366 inquite⁴

154 1381 252 1450 Nam
275 1405 423 1471 vereor,
449 1383 482 1455 si
506 1383 603 1456 forte
628 1407 722 1482 puer
747 1404 811 1454 ros
837 1377 1016 1452 candidus
1045 1379 1109 1451 ille
1146 1451 1149 1458 ,
1213 1407 1216 1415 “

155 1496 312 1589 Audiat,
339 1499 439 1574 haud
463 1529 625 1602 unquam
650 1499 839 1601 vigilantes
864 1496 1010 1570 claudet
1035 1497 1175 1578 ocellos
1182 1529 1196 1596 3
1261 1584 1271 1610 .

155 1613 282 1714 Usque
306 1619 400 1694 adeo
425 1639 568 1720 vestras
588 1621 695 1694 dulce
719 1637 776 1692 est
801 1618 928 1690 audire
954 1645 1164 1701 camoenas.-

152 1736 418 1810 Insidiatricem
442 1742 740 1840 venatricemque
766 1739 911 1840 soporis
980 1785 985 1796 ·
1045 1813 1048 1820 ⁴
1271 1751 1343 1824 320

151 1855 340 1930 Fabellam
363 1861 540 1952 meditor,
568 1889 664 1961 quae
688 1857 814 1936 taedia
837 1859 1128 1958 languoremque
1283 1845 1287 1850 ⁴

151 1978 331 2051 Paulatim
342 1981 525 2054 insinuet.
577 1980 694 2054 Simul
719 2004 809 2077 ergo
831 2003 899 2078 per
924 1987 1012 2052 a'e'ra
1029 2002 1210 2062 somnos*
1256 2005 1276 2068 j

151 2097 329 2188 Videritis
355 2099 463 2174 coelo
489 2099 684 2198 delapsos,
710 2098 811 2170 illico
831 2096 941 2169 nobis
1013 2183 1016 2192 ,

152 2215 401 2311 Gessandum5
427 2220 539 2315 inque
563 2217 720 2288 humiles
744 2203 847 2284 nullo
874 2214 1035 2286 clamore
1061 2212 1244 2286 fenestras

153 2334 319 2433 Cogendi
343 2319 452 2410 belle.
501 2335 625 2408 Facile
650 2352 707 2409 est
732 2357 965 2433 agnoscerer.
979 2334 1129 2434 plumae
1268 2348 1339 2418 525

153 2452 248 2525 Sunt
271 2437 433 2528 humeris
456 2457 599 2548 variae,
623 2472 709 2530 sunt
733 2454 819 2528 alba
843 2479 1028 2556 papavera
1054 2453 1192 2554 circum

151 2575 355 2675 Tempora,
380 2576 636 2677 populansque
662 2577 802 2677 agitant
825 2575 905 2646 sine
930 2561 1113 2646 murmure
1137 2603 1274 2652 ramos.-

148 2693 215 2764 His
240 2696 293 2766 ita
317 2697 531 2796 compositis
557 2723 625 2797 per
650 2720 770 2797 opaca
794 2693 940 2769 silentia
963 2713 1092 2796 pastor
1175 2697 1178 2714 '

150 2803 361 2888 Concordes
387 2818 483 2889 inter
508 2819 666 2892 citharas
691 2819 745 2892 sic
770 2841 838 2890 ora
861 2815 1029 2893 resolvit:

148 2934 188 3030 a)
214 2935 402 3009 Humanas
427 2939 652 3038 peragrabat
675 2941 791 3010 Amor
815 2936 893 3008 sine
917 2936 1074 3025 viribus,
1102 2961 1212 3035 aeger
1263 2952 1336 3020 πα

106 3085 121 3098 ‘
147 3054 386 3132 Jamdudumt
411 3057 536 3130 furtim
560 3083 719 3157 namque
743 3056 806 3128 ille
829 3049 1042 3149 comederat
1065 3053 1175 3128 horto

145 3177 270 3247 Aurea
293 3201 425 3275 poma,
448 3177 571 3250 lateus
593 3195 688 3276 quae·
712 3175 809 3248 forte
832 3175 1014 3250 infecerat
1038 3177 1188 3276 angnisa

148 3293 383 3394 Optabatque
409 3298 519 3368 miser
543 3296 736 3395 quiddam,
761 3321 832 3370 nec
859 3299 948 3398 quid
973 3299 1044 3372 sibi
1067 3299 1190 3394 vellet,

144 3415 276 3488 Infelix
300 3435 409 3490 norat
416 3446 429 3513 3
457 3418 524 3491 sed
549 3435 654 3490 erant
678 3416 923 3491 medicamina
947 3415 1141 3519 quaedam,

15 3583 17 3600 .
104 3633 109 3648 Ι
144 3533 189 3634 b)
204 3537 305 3634 Quae
330 3555 454 3610 tamen
479 3539 578 3612 haud
597 3537 680 3612 ullis
704 3555 851 3638 poterat
868 3539 1087 3638 conquirere
1108 3541 1228 3614 terris.
1258 3557 1330 3624 335

143 3787 178 3837 V.
188 3789 250 3842 alt.
263 3790 335 3840 Edit.
352 3756 478 3848 imru:
495 3793 567 3846 Nam
579 3787 696 3862 vereor,
714 3793 740 3846 si
756 3794 828 3849 sorte
846 3806 914 3858 puer
930 3805 982 3846 voa
994 3759 1048 3850 ille
1069 3755 1203 3846 canentes

141 3900 177 3950 V.
188 3903 239 3954 319
260 3903 331 3990 iuter
344 3907 373 3956 et
390 3897 441 3957 320
459 3907 532 3957 Edit.
551 3909 649 3960 venet.
667 3909 759 3972 ponit:

245 3995 307 4056 lpse
331 3999 437 4064 autem,
463 4003 591 4060 quantum
606 4013 691 4051 rauco
708 3999 1022 4065 nomannorum,

304 4100 332 4170 a)
351 4107 434 4157 Amor
451 4111 582 4163 humanus
600 4125 693 4180 aeger.
712 4115 937 4181 (adnotationes,
959 4121 1027 4178 quas
1044 4109 1095 4160 sub
1119 4109 1160 4164 lit.
1179 4093 1210 4173 a)
1228 4115 1258 4172 b)
1269 4115 1326 4166 eta·
1373 4081 1375 4086 V

359 4197 516 4268 tulerimus,
547 4205 632 4266 ipsius
650 4205 767 4255 Cavea
785 4207 869 4264 sunt).
1073 4211 1079 4217 '

304 4288 334 4346 b)
351 4298 482 4354 nusquam
499 4294 603 4348 invenit
619 4296 750 4350 remedia.

1091 4401 1115 4464 ἃ
