2960 4908
134 246 206 315 rra
589 175 830 304 menn
870 231 950 308 vn.

131 430 270 506 Nescio
296 427 387 532 quid
410 426 606 530 plusquam
629 425 810 525 mortale3
837 427 1023 530 animique
1047 430 1186 505 tuendo
1275 448 1322 516 15
1421 470 1427 481 ·

134 550 286 652 Expleri
312 551 458 628 attoniti
483 564 683 648 nequeunt.
736 546 846 647 Quod
870 548 971 624 sidus
994 550 1034 623 iu
1058 549 1148 624 istas

133 641 339 772 Delapsum
363 676 503 746 terras!
530 692 626 768 quae
649 667 711 740 lux
732 668 861 743 oblata
884 696 954 770 per
977 671 1162 744 umbram!

135 791 226 892 Quis
252 793 352 864 Deus
376 790 433 863 bis
459 790 596 863 nostris
623 789 803 862 suecessit
826 789 977 864 sedibus
1001 793 1160 894 hospes!

134 913 167 987 0
193 915 322 1003 Pater,
349 937 397 985 an
423 909 534 984 seclis
559 908 622 980 ille
649 911 1050 1014 expectatus-Olympo

132 1031 339 1122 Venturos,
366 1033 430 1131 qui
454 1030 552 1104 oolla
576 1030 665 1129 jugo
692 1029 794 1104 fessa
817 1032 950 1106 eximat
976 1034 1099 1131 aegris
1278 1044 1327 1112 20

132 1151 313 1226 Isaoidis‘?
340 1153 443 1252 Quae
470 1179 540 1226 nos
565 1168 707 1225 terrent
731 1151 944 1226 insomnia?
971 1153 1103 1250 quidve

135 1273 269 1348 Omina
294 1290 398 1346 tanta
421 1271 582 1374 parant?
610 1271 722 1346 Tales
748 1271 840 1346 dant
862 1291 1015 1374 pectore
1039 1299 1163 1363 voees,

132 1392 372 1494 Perculsique
399 1411 561 1494 stupent.
611 1394 721 1467 Pueri
746 1396 916 1470 nutritius
942 1396 1022 1496 ipse

96 1603 102 1608 ι
131 1514 287 1589 Deliciis
312 1516 433 1615 impar
456 1516 514 1588 vix
539 1515 725 1590 custodita
749 1534 878 1590 tenere

132 1635 267 1717 Clausa
291 1635 374 1708 sinu
398 1635 578 1734 ingenuus
605 1655 756 1736 poterat
780 1665 848 1712 sua
872 1633 1006 1736 gaudia
1031 1631 1182 1734 loseph.
1278 1641 1326 1710 25

131 1756 255 1855 Atque
280 1754 384 1828 illum
410 1779 517 1828 ouras
544 1755 642 1831 inter
667 1760 893 1860 quandoque
919 1752 1072 1827 fabriles

129 1876 321 1976 Aequaeri
339 1877 521 1975 urgebant
546 1895 691 1977 patres,
716 1879 902 1978 variisque
926 1873 1148 1977 premebant

132 1999 343 2098 Ancipitem
362 1995 492 2069 dietis:
518 2015 645 2097 partes
671 2023 712 2072 se
736 2013 861 2074 versat
883 1997 922 2068 in
947 2017 1076 2067 omnes

129 2117 280 2192 Jesseus
303 2117 450 2207 senior,
479 2116 666 2220 longeque
691 2119 843 2192 exordia
869 2114 979 2188 sumit
986 2140 999 2208 3

133 2237 289 2337 Quaque
313 2236 424 2327 lieet,
449 2239 557 2312 variis
582 2265 765 2341 responsa
790 2236 1007 2335 ambagibus
1033 2230 1107 2303 exit
1278 2241 1323 2307 50

132 2357 288 2430 Secreta
312 2357 522 2448 involvens,
550 2384 647 2458 quae
668 2379 748 2433 non
770 2358 860 2431 lieet
882 2357 938 2429 ire
963 2353 1032 2426 sub
1057 2372 1180 2430 auras.
1242 2381 1250 2392 r

232 2479 281 2548 At
305 2457 464 2551 matrum
486 2477 597 2578 longa
622 2479 691 2552 tibi
715 2478 816 2552 lucta
839 2475 1056 2563 molestior,
1083 2471 1181 2545 alma

33 2673 37 2681 ι
130 2595 326 2687 Partheni,
352 2595 599 2694 Nazaridum3
627 2600 761 2700 quibus
785 2600 996 2699 importuna
1020 2591 1163 2668 sciendi

131 2717 287 2792 Fervida
313 2742 401 2788 eura
426 2719 556 2808 nimis,
589 2737 807 2818 suetamque
832 2717 1010 2819 impervia
1034 2735 1204 2813 quaeque

131 2836 273 2911 Rimari
297 2834 497 2935 ingenium.
550 2835 787 2909 contermina
811 2838 928 2935 Virgo
953 2833 1118 2934 paternis
1279 2845 1326 2915 55

132 2957 332 3032 Debborae
359 2974 440 3029 erat
463 2955 594 3052 tectis,
623 2983 719 3056 quae
745 2981 857 3057 saepe
884 2954 1089 3048 domestica
1114 2953 1246 3028 eodem

134 3079 211 3151 Sub
237 3079 314 3149 lare
341 3079 548 3178 conjunctis
574 3073 671 3152 euris
688 3076 930 3152 muliebribus
955 3100 1031 3148 una

133 3203 234 3272 Inter
258 3224 346 3272 acus
372 3215 409 3270 et
434 3197 496 3269 iila
521 3197 620 3270 diem
643 3201 810 3272 studiosa
833 3194 1018 3272 trahebat.

132 3319 262 3396 Altera
288 3316 529 3392 arundineum
555 3343 642 3390 nam
667 3321 823 3392 stamine
848 3333 971 3392 versat
996 3316 1177 3408 alabrum,

134 3446 250 3541 Inque
276 3439 419 3540 glomos
444 3438 621 3512 transfert
629 3466 643 3538 3
667 3439 898 3514 discriminat
922 3437 1040 3511 altera
1063 3437 1169 3529 telas,
1199 3508 1202 3514 ,
1277 3447 1327 3523 40

134 3697 171 3755 V.
208 3701 251 3752 ts.
269 3698 340 3749 Ean.
358 3694 457 3746 venet
476 3707 525 3758 pro
545 3693 695 3758 Olympo
712 3693 781 3760 legit
799 3696 833 3746 ub
852 3696 918 3746 olto.

135 3789 172 3858 V.
209 3792 252 3843 21.
271 3786 472 3840 lasciuae·
463 3799 526 3840 ue.
543 3785 648 3849 posteri
663 3785 743 3836 baso
760 3787 950 3856 patriarchae,
969 3787 1017 3840 alti
1034 3785 1181 3836 Abraham.
1201 3733 1326 3850 Genti,

275 3884 383 3944 rseqq

94 3957 95 3966 ¹
136 3969 172 4034 V,
208 3970 500 4026 assumsisset
527 3967 690 4022 fabriles.
726 3969 943 4037 Josephuru,
974 3970 1020 4035 qui
1049 3965 1186 4020 Christum
1213 3965 1328 4018 nutrivit

276 4079 304 4125 et
322 4076 466 4142 eduensis,
492 4074 600 4125 februm
617 4057 762 4140 (τέκτονα)
780 4073 882 4139 tuisse,
915 4085 951 4124 ex
967 4073 1063 4124 Mattn.
1085 4073 1128 4137 1³,
1147 4075 1191 4136 et,
1209 4067 1328 4121 nauite-

275 4169 416 4217 stumest.
999 4201 1003 4208 .

136 4259 172 4311 V.
209 4261 253 4312 84.
272 4259 342 4310 sut.
361 4257 460 4307 venet.
478 4269 527 4321 pro
545 4263 759 4322 suetamque
777 4257 859 4310 habet
875 4256 1047 4324 solitumque.

133 4351 173 4402 V.
210 4351 254 4404 tt·
271 4348 437 4401 alatrum
448 4349 591 4408 (alibrum)
598 4349 813 4416 instrumentum,
822 4363 874 4413 quo
881 4349 928 4400 fita
935 4351 1086 4400 vertuntur.
1104 4347 1168 4398 leid.
1176 4345 1276 4409 01:1⁹,
1283 4343 1326 4394 29·
