2960 4908
102 265 175 343 124
502 253 744 326 orosa
792 253 872 328 vu.

99 451 194 525 Bina
216 449 382 526 micant?
412 468 454 524 ut
476 449 577 524 diota
601 433 770 550 stupent,
795 447 993 552 pavidique
1017 451 1198 528 reeedunt
1246 472 1293 540 70

99 571 257 646 Externi'
277 572 464 673 agricolae
476 623 488 665 ,
513 570 761 669 monstrisque
786 570 971 644 simillima
996 574 1179 648 narrant?

97 694 246 768 Verane
261 717 369 793 quae
392 688 618 792 perhibent?
641 690 788 764 venisse
814 692 977 765 Orientis
1003 693 1051 766 ab
1078 718 1146 768 ora

96 813 198 886 Illius
225 812 274 886 ad
299 838 412 886 cunas
436 837 557 912 reges,
583 811 785 913 humilique
810 837 1006 888 coruscam

96 934 284 1008 Insedisse
310 933 381 1006 lari
405 931 579 1006 stellam?
604 932 802 1030 vinetaque
828 933 961 1006 eodem

99 1057 306 1157 Tempora,
332 1055 463 1128 bruma
486 1053 576 1126 licet
599 1052 698 1126 foret
713 1078 867 1154 aspera,
892 1055 990 1128 oolle
1008 1054 1219 1156 propinquo
1247 1071 1293 1140 75

97 1173 318 1249 Vernasse?
344 1173 519 1268 Auditum
543 1175 617 1247 hoe
641 1192 850 1247 memorant
875 1199 897 1247 a
921 1175 1055 1247 Beride
1081 1176 1255 1274 quadam,

99 1296 204 1397 Quae
229 1296 342 1370 modo
370 1296 510 1368 Sunam
536 1294 679 1368 habitat
702 1312 819 1396 nupta
842 1295 918 1368 illio
926 1324 938 1392 3
963 1298 1120 1396 ipsaque
1144 1296 1256 1372 flores

98 1420 275 1503 Testatur
301 1415 511 1518 quondam,
539 1432 650 1517 atque
675 1441 764 1490 uvas
788 1415 923 1490 vidisse
947 1435 1132 1494 recentes.

97 1531 176 1611 Sed
200 1534 291 1637 quid
315 1564 387 1638 ego
400 1538 494 1609 haee
512 1535 624 1634 longe
641 1561 797 1627 revoco,
824 1554 935 1636 atque
953 1539 1105 1638 antiqua
1119 1535 1295 1612 revolvo?

95 1654 1293 1757 AmmMoeWmmfflmmmffloefflQ·w

95 1778 237 1876 Hisque
264 1779 374 1850 etiam
398 1777 542 1874 majora
563 1777 701 1875 hospes
727 1778 905 1851 narrabat
928 1776 1072 1853 Jonas?

96 1900 194 1998 Quin
221 1899 353 1991 etiam,
379 1913 528 1969 nostros
554 1919 638 1966 eum
661 1895 708 1966 lis
728 1895 828 1970 foret
851 1899 948 1970 inter
975 1915 1146 1970 amantes

97 2018 349 2118 (Quamquam
374 2015 448 2088 alio
474 2032 509 2089 te
536 2013 603 2086 sub
630 2013 737 2086 coelo
761 2032 851 2089 tuno
875 2019 1057 2118 Memphis
1082 2017 1269 2118 haberet),

95 2137 175 2212 Sub
201 2155 351 2211 noctem
374 2136 502 2237 pueris
526 2132 725 2207 manifesta
749 2134 789 2206 in
812 2135 896 2210 luce
919 2156 1075 2239 repente

91 2255 1171 2361 fflmffimmmummwmmmmfflm
1244 2275 1288 2344 ὦ

95 2379 304 2452 Arboribus
331 2401 462 2475 super,
489 2391 600 2476 atque
625 2379 724 2450 inter
749 2404 839 2453 aava
863 2379 991 2452 nubila
1016 2381 1095 2454 visa
1120 2405 1161 2450 es

95 2502 180 2571 lotu
199 2496 301 2570 oculi
323 2519 522 2597 praesens3
550 2495 637 2572 dum
661 2515 699 2571 te
723 2523 852 2571 nemus
877 2499 975 2570 inter
1001 2525 1160 2600 opaeum

96 2618 332 2718 Quaerimus,
360 2635 397 2689 et
421 2617 499 2689 nati
522 2617 697 2692 miramur
721 2645 876 2692 munera
899 2618 1029 2698 fontis.

94 2742 151 2812 Ex
175 2737 240 2809 illo
266 2737 411 2808 attoniti
434 2761 530 2833 quae
555 2739 686 2811 Divum
711 2755 858 2812 ostenta
881 2740 1044 2809 tuemur!

96 2859 196 2959 Quot
220 2875 321 2930 rates
344 2854 532 2929 horrenda
556 2860 727 2930 monent!
753 2882 850 2956 quae
873 2857 952 2929 visa
974 2867 1183 2956 reportant!
1239 2879 1284 2946 90

95 2979 172 3080 Ipsi
198 2979 309 3050 etiam
333 2979 452 3051 nostri
477 3003 561 3051 cum
585 2979 764 3051 matutina
783 2975 936 3050 bubulci

2 3180 3 3183 Ἴ
95 3101 275 3172 Armenta
300 3097 461 3170 educunt
486 3099 658 3189 stabulis,
683 3124 752 3200 per
776 3098 943 3197 gramina
966 3122 1116 3196 sparsos

93 3218 287 3292 Inveniunt
310 3217 444 3310 flores,
470 3221 742 3318 peregrinaque
767 3218 844 3289 lilia
868 3217 1018 3316 passim.

34 3335 1040 3439 'mmmmwmmmmmfflmme

94 3457 293 3551 Germina,
318 3459 597 3559 quaesitumque
624 3457 705 3530 diu:
734 3474 970 3557 extremoque
997 3476 1196 3559 repertum,
1239 3477 1285 3548 95

94 3581 178 3678 Qua
199 3580 288 3669 tibi,
316 3604 389 3678 qua
413 3603 532 3678 puero
556 3578 741 3652 interdum
765 3604 872 3652 mora
896 3577 997 3652 faeta
1020 3605 1089 3679 per
1114 3607 1236 3682 agroS,

94 3698 192 3772 Alba
216 3700 369 3800 ligustra
392 3699 468 3775 illic
493 3700 686 3798 violasque
713 3723 905 3801 erumpere
925 3697 974 3774 ad
999 3725 1119 3792 aurae,

93 4074 130 4126 v.
166 4077 209 4126 rt.
228 4076 334 4126 suna.
357 4077 414 4129 err.
432 4078 480 4147 tv,
498 4081 541 4130 ot.

93 4210 130 4262 V.
165 4210 210 4262 81.
228 4209 342 4260 Jonas
364 4213 535 4266 camelarius.
573 4208 631 4270 Cir.
644 4209 692 4264 ltu.
708 4209 732 4279 1,
744 4213 790 4271 *tta
805 4225 881 4280 seqq.
903 4213 954 4268 160
973 4227 1049 4281 seqq.

94 4341 130 4394 V.
165 4345 516 4412 88.Memnh1a1,87.
