2960 4908
131 269 202 339 172
344 210 349 236 ³
549 243 789 320 utssn
835 246 895 318 tx„

227 451 328 522 Eece
342 462 465 521 autem
477 443 620 518 interea
635 443 774 533 Mater,
800 466 896 542 quae
921 439 1082 544 denique
1106 440 1216 518 fessis
1247 448 1320 528 425

132 571 224 646 Cum
247 569 358 643 sooiis
382 564 503 667 spatio
526 589 681 660 emenso,
700 561 857 636 delubra
881 548 1041 655 subibat,

132 691 302 764 Sollicita
327 688 524 789 explorans
550 683 667 758 oeulis
693 709 759 756 sua
783 683 954 784 pignora.
1003 685 1137 758 Vestes

130 813 180 884 Et
201 809 332 911 eapitis
356 808 477 884 velum
502 825 539 880 et
562 805 670 878 fletus
695 803 848 904 vestigia
871 829 1025 905 prorsus

131 930 240 1002 Talia
265 954 418 1004 eernere
444 945 524 1000 eret
547 926 754 1031 praesenti,
780 925 905 1024 qualia
929 951 1079 1000 somnus
1148 905 1153 933 ⁴

131 1050 319 1128 tinxerat
370 1049 605 1150 Obstupuere
631 1071 739 1120 senes
764 1047 907 1148 magis;
931 1046 1031 1120 illico
1056 1047 1135 1121 visa
1250 1057 1323 1134 430

133 1171 212 1246 Ora
235 1186 510 1269 recognoseunt
534 1190 736 1244 memorest
760 1170 818 1238 En
840 1166 923 1258 illa,
949 1167 1181 1240 tremendum

132 1294 236 1392 Quae
261 1288 362 1391 pede,
383 1289 548 1362 calcarat
572 1306 801 1388 serpentemt
832 1292 890 1360 En
912 1288 995 1379 illa,
1019 1305 1251 1390 peremptum

134 1411 201 1484 Gui
219 1436 289 1484 nos
316 1409 511 1484 detulimus
538 1428 679 1489 natum.
728 1409 929 1512 Flagrabat
952 1403 1108 1510 dterque
1247 1509 1254 1516 κ

133 1533 412 1632 Quamprimum
437 1531 543 1605 affari
567 1530 805 1633 peregrinosJ
832 1548 943 1629 atque
966 1529 1031 1602 ubi
1054 1529 1206 1604 tandem

131 1655 320 1754 interpres
345 1652 438 1753 legis
464 1653 577 1751 longo
603 1667 689 1751 post
712 1651 871 1751 plurima
895 1651 1038 1725 finem·
1253 1655 1325 1736 455

132 1772 292 1870 Eloquia
319 1773 514 1872 imposuit,
541 1795 747 1844 convenere
772 1770 874 1846 illino
899 1773 1035 1844 Natum
1043 1799 1056 1867 3
1176 1827 1179 1832 .

132 1895 183 1965 Et
207 1915 322 1989 genus
348 1907 460 1987 atque
485 1890 557 1960 iter
580 1907 779 1960 et0nomen
801 1893 1034 1990 patriamque
1059 1890 1255 1992 rogabant.

132 2009 264 2084 Adfuit
287 2008 369 2109 ipse
399 2008 510 2080 etiam
536 2031 630 2083 oeno
656 2007 875 2082 venerabilis
901 2033 967 2082 ore

134 2129 286 2206 Ananias
312 2145 419 2229 pater
446 2127 632 2201 admirans
656 2155 838 2230 responsa
860 2128 1048 2228 loquentis
1060 2156 1087 2223 3⁴

134 2253 183 2322 Et
206 2233 359 2322 multmn
383 2249 609 2342 illacrimans
636 2251 761 2322 senior
785 2250 925 2342 bonus,
954 2249 1090 2323 indolis
1109 2250 1228 2323 almae
1254 2260 1327 2339 440

135 2371 222 2444 Vim
246 2387 457 2470 promptam
481 2369 582 2443 varia
616 2369 754 2443 circum
778 2372 833 2442 ire
857 2369 1031 2470 indagine
1057 2371 1204 2470 gaudet.

136 2490 236 2588 Quin
262 2489 372 2563 etiam
395 2489 650 2564 hebdomadas
673 2489 857 2580 Danielis,
882 2491 1045 2564 themata
1069 2517 1189 2593 nuper

137 2611 336 2712 Proposita
361 2637 406 2684 ao
432 2610 600 2683 discussa
623 2611 764 2710 palam,
790 2610 958 2684 scitarier
983 2639 1107 2691 ansus.

139 2729 206 2802 Cui
230 2733 326 2802 Puer
351 2732 536 2803 aetherius
563 2730 715 2802 coelesti
737 2733 777 2801 in
801 2731 884 2803 luce
909 2733 1097 2834 refulgens

141 2849 204 2922 Sic
228 2849 339 2920 turha
363 2849 402 2918 in
427 2848 550 2918 media
574 2848 690 2919 fatus:
716 2851 798 2920 Jam
822 2854 999 2950 temporis
1025 2869 1127 2925 aetas
1258 2864 1327 2942 445

137 2967 303 3042 Praefixa
327 2967 601 3040 hebdomadum
625 2968 740 3058 venit,
768 2993 842 3066 qua
864 2970 1010 3042 victima
1037 2971 1194 3048 Sanctus

17 3139 18 3142 =
141 3088 398 3184 Occidendus3
425 3108 462 3164 et
485 3092 583 3160 hune
608 3090 736 3162 vestris
763 3089 801 3158 in
828 3085 983 3182 collibus
1000 3091 1123 3167 Arbos

17 3229 18 3232 ’
140 3213 322 3286 Funerea¹
336 3211 507 3309 excipiet.
557 3211 729 3282 Vestrum
752 3235 822 3309 par
846 3210 971 3282 nobile
996 3212 1066 3283 rite

140 3330 325 3428 Exequias
351 3329 479 3405 solvet.
529 3332 618 3400 Post
641 3329 735 3400 haee
759 3329 934 3426 vastatio,
958 3329 1079 3404 luotus

17 3491 18 3552 3
140 3451 189 3522 Et
213 3441 343 3549 populi
369 3448 562 3526 excidium.
611 3449 739 3521 Nostri
760 3450 854 3522 haee
880 3450 1031 3522 oracula
1054 3452 1163 3531 vatis.
1259 3466 1331 3544 450

17 4360 21 4527 x*

146 3568 210 3640 Sic
236 3571 305 3644 ait:
332 3569 555 3670 obstupuere
582 3595 728 3662 omnes3
754 3572 855 3642 stetit
877 3571 958 3669 ipse
984 3574 1160 3646 sacerdos

143 3690 330 3760 Attonitus
356 3689 478 3768 dietis.
527 3693 730 3764 Hesternae
757 3690 899 3763 somnia
919 3692 1041 3764 noetis

144 3811 338 3907 Agnovere
364 3838 492 3884 senes:
522 3813 591 3884 Hie
617 3828 673 3884 est
696 3814 791 3883 Puer
816 3812 878 3882 ille
906 3831 1098 3907 cruentae,

145 3930 248 4011 Haeo
275 3950 354 4005 erat
373 3933 438 4006 illa
463 3934 593 4028 arbor3
617 3957 781 4030 nosque,
813 3949 854 4003 ut
877 3957 982 4020 reor,
1008 3932 1155 4008 ultimus
1180 3936 1250 4010 iste

146 4052 272 4123 Poscit
294 4054 414 4126 honos
439 4054 579 4140 tumuli,
631 4052 780 4124 Subitus
801 4054 1041 4128 circumstetit
1065 4055 1198 4128 horror
1261 4067 1333 4144 455

152 4213 570 4232 Μ

149 4299 185 4362 V·
203 4301 264 4358 tta
283 4303 366 4357 Post
383 4308 475 4369 huso
491 4309 664 4368 vastatio.
702 4306 760 4361 cfr.
779 4309 877 4372 Daniel
896 4321 920 4372 e.
940 4312 967 4378 9,
986 4313 1029 4376 tt,
1049 4313 1091 4374 tt,
