2990 4906
561 195 903 296 siunatv.

150 425 266 492 Laeta
284 418 420 497 ferens.
468 420 565 494 Urbs
592 417 752 517 antiquis
779 417 1005 492 circumdata
1027 418 1141 490 muris

152 544 229 613 Ima
253 542 290 611 in
314 540 409 613 valle
433 541 532 640 jacet
539 569 551 635 3
579 565 689 640 quam
713 539 852 638 primus
879 538 1012 611 dieitur
1035 540 1172 641 hospes
1263 553 1334 622 350

152 660 320 733 Abellam
346 659 480 732 dixisse
506 639 572 734 suo
600 663 645 733 de
671 659 838 750 nomine,
865 685 994 732 caesus
1339 657 1343 667 ’

152 780 290 855 Invidia
317 780 452 853 fratris.
503 784 640 854 Turres
667 798 704 852 et
728 796 827 852 tecta
853 779 1046 854 domorum

151 905 370 973 Praetexunt
396 899 529 972 ederae
556 919 592 972 et
616 903 745 1002 myrti,
772 926 990 1000 semperque
1015 901 1173 974 virentes

150 1025 324 1113 Intonsae
348 1023 456 1121 pinus
465 1074 476 1109 ,
503 1022 681 1122 oleaeque
708 1038 932 1118 aeternaque
958 1020 1094 1096 laurea.

151 1144 250 1213 Alire
272 1140 338 1212 sed
363 1141 458 1214 tristi
481 1140 542 1211 lux
567 1142 807 1214 intermortua
830 1140 957 1240 fulget,
1028 1191 1030 1196 -
1267 1152 1336 1220 555

151 1259 406 1357 Albentesque
431 1260 533 1333 lacus
560 1262 698 1333 circum
723 1262 839 1333 ardua
862 1260 1011 1332 moenia
1029 1258 1174 1333 lucent:

152 1382 277 1478 Atque
303 1380 419 1453 oeulis
446 1399 622 1480 quantum
645 1397 799 1480 pacatus
826 1378 993 1476 subjacet
1017 1381 1145 1472 amnis,
1162 1399 1184 1418 ’·

153 1499 288 1570 Aeriae
312 1500 351 1571 in
374 1499 464 1600 ripis
489 1499 647 1599 platani,
675 1516 785 1598 atque
810 1499 976 1572 aurantia
1001 1499 1110 1592 mala,

153 1619 409 1719 Egressaeque
435 1620 517 1692 altis
545 1620 676 1722 stirpes
704 1619 926 1718 arbustaque
951 1621 1082 1691 muris·

152 1738 371 1809 incumbunt
396 1741 554 1837 stagnis,
580 1756 616 1812 et
641 1767 761 1839 opaco
787 1739 947 1838 tegmine
972 1739 1195 1839 inumbrant.
1269 1745 1339 1846 3l⁰

152 1858 235 1955 Ipse
261 1858 316 1929 sui
339 1858 379 1928 in
403 1857 546 1934 foribus
571 1857 661 1932 lethi
687 1859 893 1933 caelaverat
919 1859 1015 1931 Abel

153 1976 285 2050 Casum
309 1977 508 2054 infelicem.
559 1980 714 2050 Genitor
740 2005 870 2078 super,
896 1977 1063 2075 orbaque
1086 1994 1205 2050 mater

151 2096 183 2167 E
209 2122 340 2196 eampo
366 2096 536 2185 rediens,
560 2097 674 2194 spicis
700 2114 737 2168 et
761 2122 906 2170 sesamo
932 2115 1077 2193 onusta,
1199 2085 1206 2090 ’

152 2214 260 2286 Flere
283 2215 476 2289 ridebatur
500 2215 639 2310 juvenis
665 2214 876 2287 miserabile
901 2240 1036 2313 eorpus

51 2329 53 2337 ⁴
156 2335 343 2432 Sanguine
357 2351 554 2434 turpatum.
581 2335 682 2405 Mors
694 2333 851 2432 primum
865 2360 1014 2434 egressa
1026 2335 1094 2408 sub
1108 2357 1216 2406 auras
1270 2343 1341 2420 545

155 2456 309 2526 Miratur
333 2471 464 2545 terraS,
491 2479 557 2525 sua
581 2454 882 2554 regnae-insigne
910 2473 1114 2553 cruentum,

154 2578 332 2648 Possesso
357 2575 474 2647 defixa
500 2579 588 2675 agro
613 2591 686 2646 stat
711 2599 818 2647 saeva
845 2577 996 2647 securis.

154 2695 271 2767 Multa
295 2697 333 2766 in
357 2694 536 2770 vestibulo
562 2694 690 2765 dextra
713 2692 890 2793 laevaque
916 2698 1066 2772 vetustis

154 2814 355 2887 Extuderat
378 2815 517 2916 pariter
541 2815 649 2906 saxio,
677 2829 714 2884 et
738 2813 944 2912 sculpserat
971 2843 1068 2896 aere.

253 2937 422 3009 Protinus
448 2934 613 3036 impulsis
638 2933 748 3008 valvis
774 2933 1023 3031 bipatentibus
1048 2936 1137 3007 Ales
1270 2950 1340 3017 350

158 3053 293 3127 Coram
316 3057 561 3154 introgressus
587 3070 745 3125 matrum
768 3053 1011 3151 juvenumque
1036 3056 1181 3154 piorum

159 3173 349 3248 Concursu
372 3177 410 3246 in
436 3199 570 3274 magne
595 3171 736 3272 medius
763 3172 883 3267 stetit3
911 3191 1020 3272 atque
1045 3175 1097 3246 ita
1120 3173 1273 3248 densum
1329 3169 1331 3174 Α

157 3295 379 3369 Umbrarum
405 3294 536 3368 affatur
559 3293 697 3394 vulgus,
721 3294 985 3381 „Laetissimus
1012 3293 1141 3366 adsum

156 3417 361 3511 „Nunciuq
391 3415 621 3490 Abramidae.
672 3414 946 3513 Quamprimum
970 3415 1123 3515 innupta
1146 3414 1281 3517 puella,

157 3537 319 3622 „Omina
344 3536 443 3610 laeta
467 3537 603 3628 ferens,
630 3533 748 3607 lorica
772 3535 923 3633 insignis
950 3552 987 3606 et
1010 3537 1127 3626 hasta,
1268 3548 1337 3616 355

157 3657 267 3744 „Huc
292 3658 422 3750 aderit,
447 3659 566 3759 primo
593 3655 737 3732 sublata
761 3656 801 3727 in
825 3653 916 3729 flore
940 3656 1119 3754 juventae.

160 3955 195 4006 V.
215 3958 275 4007 330.
293 3955 589 4020 Primuehospejs
607 3957 668 4008 scil.
686 3959 797 4024 Abel,
816 3957 1009 4008 Adamissliua.
1027 3953 1069 4004 Cf.
1089 3955 1156 4004 Gen.
1175 3955 1202 4017 4,
1223 3954 1342 4008 1-16.

299 4047 394 4098 matu.
414 4049 457 4114 aa,
477 4051 519 4098 ss.

160 4136 195 4187 V.
215 4139 265 4189 sto
283 4137 354 4186 inter
372 4141 400 4187 et
418 4139 478 4208 346.
495 4139 545 4190 Ed.
561 4140 658 4190 Venet.
678 4136 834 4206 interjecit:

299 4227 413 4278 Piniferi
431 4211 502 4278 laud
517 4230 598 4294 longe
614 4236 690 4282 stans
707 4233 763 4283 alto
782 4234 810 4283 in
827 4232 932 4282 vertice
951 4228 1050 4280 montis

160 4317 196 4368 V.
216 4321 275 4371 334.
295 4320 449 4382 lunnpta
466 4321 590 4382 puella
609 4324 627 4374 i.
647 4335 673 4374 e.
690 4325 823 4378 tutitn.
843 4323 885 4376 cf.
903 4323 962 4376 liu.
981 4323 1017 4390 V,
1036 4323 1087 4382 333
1103 4336 1163 4390 sqq,
