2990 4906
586 301 821 372 LIBER
869 301 932 370 lv.

175 506 343 602 Canaque
367 513 557 600 pastorum
583 495 737 596 simplex
761 493 916 569 audacia
941 497 1102 595 possint!

174 628 268 700 Nam
292 618 425 694 meruit
449 617 537 691 felix
564 617 683 716 (quod
708 641 783 688 non
805 618 1028 717 permiserat
1051 618 1117 689 ulli
1148 699 1152 708 K
1288 636 1382 705 180‘

176 744 323 818 Coelica
349 737 448 837 sors)
474 763 585 809 unum
609 733 742 828 labris,
769 737 841 809 duo
866 737 965 808 ferre
987 739 1133 810 tenellis

176 861 315 939 Oscula
338 865 432 960 pu'ra
458 857 571 957 genis.
623 861 719 932 Tum
748 856 909 932 candida
929 859 1144 934 Parthenis:
1168 863 1186 930 I
1209 885 1320 952 nunc,

176 983 310 1081 Sisque
335 1004 476 1070 mentor
498 978 626 1055 nostri.
675 978 811 1051 Procul
835 977 922 1054 hinc
943 996 1061 1050 scatet
1085 980 1233 1081 exiguus
1259 982 1364 1059 fons:

177 1105 293 1202 Quam
318 1101 477 1199 primum
501 1101 683 1191 invenies,
707 1125 847 1200 pecora
871 1097 959 1170 illuc
985 1099 1128 1199 cogito:
1167 1121 1368 1204 postquam

177 1225 276 1296 Grex
302 1220 420 1292 omnis
445 1219 600 1311 biberit,
633 1221 750 1293 vitrea
772 1236 810 1289 te
835 1219 980 1318 respice
1005 1221 1044 1289 in
1068 1220 1179 1296 unda,
1294 1241 1365 1308 185

176 1343 298 1436 Dixit,
325 1340 424 1411 etin
448 1339 602 1414 viridem
626 1339 760 1411 collem
784 1340 935 1438 vestigia
960 1341 1086 1412 torsit!

177 1465 222 1533 In
247 1459 400 1552 collem,
423 1458 523 1530 unde
547 1459 666 1530 amnis
690 1458 822 1558 longas
845 1485 973 1531 nemus
998 1460 1278 1562 interopacum

182 1579 350 1654 Cernitur
373 1579 427 1652 ire
452 1579 529 1652 rias
542 1631 555 1670 ,
582 1595 618 1651 et
644 1605 801 1651 amoena
829 1605 981 1680 serpere
1006 1580 1111 1654 valle.
1247 1561 1251 1576 .

277 1697 393 1770 Multa
415 1723 566 1771 movens
596 1698 726 1772 animis
751 1699 831 1773 ibat
854 1725 1004 1801 quoque
1028 1703 1167 1775 rustica
1189 1703 1304 1804 virgo,

178 1823 492 1919 Fragrantemque
516 1817 574 1891 ria
597 1818 801 1894 redolentis
826 1818 1011 1920 lychnidis
1036 1849 1164 1894 auram
1299 1843 1370 1912 190

178 1941 346 2013 Attonita
370 1937 562 2014 hauribat:
588 1939 737 2036 qualem
760 1939 914 2013 violaria
937 1940 1050 2030 nulla,

179 2061 260 2133 Nec
284 2084 394 2148 rosa,
419 2080 491 2128 nec
515 2054 681 2130 saliunca
704 2067 856 2148 recens,
882 2083 954 2130 nec
980 2083 1172 2132 amaracus
1196 2049 1342 2140 halant:

180 2178 289 2252 Unde
315 2178 410 2250 odor
433 2178 495 2248 hic
520 2175 662 2248 mirus?
689 2198 785 2273 quae
810 2173 893 2247 vis‘?
920 2201 1016 2274 quae
1043 2178 1153 2277 copia
1177 2180 1337 2255 florum?

181 2297 294 2373 Unde
317 2321 407 2368 aura
429 2320 451 2366 e
478 2294 587 2368 coelo
610 2295 802 2395 adspirans
830 2310 907 2366 tam
931 2297 1090 2369 suaviter
1115 2297 1197 2372 ori?

184 2417 357 2492 Constitit
374 2414 569 2515 explorans
594 2433 732 2507 vestes,
760 2431 797 2487 et
818 2414 963 2515 singula
987 2417 1125 2492 mirans
1302 2442 1346 2512 19
1352 2445 1371 2511 5

185 2542 261 2610 Ter
281 2536 539 2635 circumspexit
546 2564 559 2631 5
583 2537 719 2638 patulis
744 2553 802 2609 ter
826 2535 977 2608 naribus
1004 2537 1132 2608 ambas

184 2655 430 2754 Admovitque
454 2681 604 2728 manus:
629 2656 698 2730 sed
723 2655 805 2755 quis
831 2654 1079 2755 deprenderet
1103 2665 1293 2760 unquam?

168 2777 335 2878 ¹Quippe
360 2773 477 2847 labris
501 2774 672 2876 fragrans
696 2776 759 2848 ille
784 2778 956 2850 haeserat
987 2775 1120 2852 halitus
1131 2808 1144 2873 3
1170 2784 1254 2877 illis,

187 2897 300 2998 Queis
319 2895 390 2967 tria
414 2897 572 2969 Nazario
597 2923 717 2996 nuper
742 2894 845 2968 dedit
866 2893 995 2968 oscula
1018 2898 1130 2970 Flori.
1246 2899 1248 2906 ‘

278 3015 391 3091 Venit
401 3015 667 3088 adumhrosam
674 3016 875 3114 platanum,
894 3015 1136 3114 quamsuhter
1146 3045 1284 3121 opacus
1304 3039 1374 3108 200

185 3129 355 3214 Alluerat
376 3136 492 3208 rivus:
518 3135 634 3207 rivum
658 3133 839 3207 obsedere
864 3132 1030 3235 capellae

189 3258 392 3345 Continuo,
418 3254 604 3352 saturique
629 3253 759 3331 haedis
785 3272 916 3354 atque,
942 3255 1007 3326 ubi
1030 3282 1124 3356 pura
1150 3263 1285 3359 quievit

187 3377 358 3479 Lympha
380 3375 473 3449 ritro
497 3372 646 3463 similis,
672 3399 783 3474 super
808 3392 932 3448 astans
956 3379 1091 3449 vertice
1117 3406 1236 3480 prono

189 3497 240 3572 Se
264 3493 408 3597 liquido
429 3493 470 3564 in
494 3492 645 3593 speculo
669 3493 775 3567 vidit:
801 3493 1031 3595 deceptaque
1053 3497 1131 3571 visu

188 3617 338 3692 Restitit
363 3613 557 3715 extemplo.
606 3613 678 3687 vix
701 3613 859 3714 primum
885 3614 1042 3690 credidit
1064 3618 1207 3693 undacs
1303 3639 1372 3710 205

188 3737 346 3810 Lumina
368 3733 427 3808 his
451 3736 559 3812 vertit
581 3753 702 3824 retro,
722 3733 755 3804 si
779 3732 876 3806 forte
900 3736 1025 3836 puella

189 3861 226 3933 A
248 3875 353 3956 tergo
377 3857 575 3957 peregrina
599 3854 719 3946 foret,
739 3879 834 3953 quae
858 3873 1028 3929 cerneret
1052 3877 1209 3951 amnem3

193 4049 228 4099 V.
247 4047 307 4101 tto.
324 4045 374 4095 Ed.
389 4044 487 4095 venet.
503 4045 601 4097 hebet:

356 4135 543 4199 ingenuusque
555 4148 632 4186 emor
639 4169 649 4202 ‚
666 4137 695 4184 et
708 4132 823 4196 simplex
836 4133 954 4184 audacia
965 4131 1081 4195 possint!

193 4227 229 4278 V.
244 4227 305 4280 tto.
316 4211 388 4276 Edit.
399 4225 497 4276 venet.
515 4239 565 4288 pro
581 4215 768 4290 lychnldIs
785 4224 804 4274 l.
824 4224 964 4276 aromatis.
1082 4281 1085 4286 ,

193 4319 230 4370 V.
248 4321 309 4373 194.
326 4319 376 4370 Ed.
393 4317 493 4368 venet.
505 4317 613 4367 omittit.

195 4411 230 4462 V.
250 4413 311 4464 tot.
325 4412 375 4462 Ed.
389 4407 489 4461 venet.
506 4407 589 4474 legit:
605 4407 745 4461 insisteret
756 4405 829 4460 suni
841 4418 891 4470 pro
908 4408 1081 4457 cerneret
1099 4419 1237 4464 amnem.

1120 4495 1171 4576 5*
