2990 4906
568 301 808 375 utana
857 301 918 374 tv.
1292 313 1336 378 ⁶5
1445 262 1448 270 ’

155 502 251 606 Quid
274 519 415 575 tantum
439 499 561 602 potuit
586 498 689 574 vallis
715 493 863 570 deserta
886 495 1047 568 mereri?

153 628 249 699 Nam
266 628 362 724 ‘puto
386 639 424 694 te
450 619 610 720 Solymis
635 636 778 710 natam,
803 643 915 717 quarn
945 615 1024 688 fors
1049 614 1146 688 inala
1170 617 1305 693 nostris

153 749 346 818 Errantem
370 743 556 844 impulerit
580 742 709 836 terris3
734 764 811 815 nou
835 740 907 810 ista
930 735 1073 837 puellas

153 868 239 937 Fert
262 860 572 963 siquidemregio
596 862 710 951 tales,
735 885 807 931 nec
830 853 1000 958 parvulus
1024 857 1109 935 iste,

152 984 302 1084 Agresti
327 981 373 1054 de
397 1008 482 1053 rure
508 985 616 1057 venit.
667 985 764 1052 Tum
789 978 892 1077 regia
915 977 1030 1076 Virgo
1268 991 1338 1058 125

152 1105 258 1176 More
287 1128 353 1175 suo
379 1101 564 1193 arridens,
588 1105 665 1176 risu
689 1129 764 1203 quo
791 1115 925 1172 cuncta
948 1115 1108 1188 serenat,

155 1225 281 1322 Quove
307 1222 410 1321 genis
436 1222 581 1294 accedit
603 1223 876 1317 honossstrisque
900 1243 1013 1290 aurea
1037 1218 1167 1290 dictis:

156 1343 187 1414 Ο
214 1358 342 1440 gnata,
368 1368 392 1413 o
417 1359 587 1431 nostros,
613 1342 751 1439 iuquit,
776 1339 951 1411 miserata
974 1338 1135 1428 labores,

157 1462 260 1559 Quae
285 1461 353 1533 tibi
374 1487 444 1560 pro
470 1462 631 1551 meritis,
657 1457 884 1562 paupercula
908 1459 1072 1559 etipsa,
1098 1457 1238 1531 referre

155 1579 433 1676 Donaqueam?
458 1580 922 1680 Siquidemnohisquoque
934 1604 1049 1679 parva
1067 1580 1242 1679 supellex,
1270 1597 1341 1662 150

155 1701 407 1797 Assuetaeque
432 1689 562 1804 manus
588 1702 762 1796 calathis,
790 1717 901 1798 atque
925 1700 987 1772 hic
1011 1699 1130 1772 bouus
1156 1700 1291 1793 infans,

156 1818 226 1917 Qui
250 1843 392 1890 mecum
418 1819 599 1918 graditur,
625 1840 764 1896 sortem
788 1820 862 1893 fert
886 1845 1025 1919 aequus
1050 1819 1218 1899 eandem.

154 1937 356 2010 Nazarides
381 1964 523 2016 sumus:
549 1944 714 2013 Aenonis
739 1941 810 2013 nisi
835 1939 964 2010 dissita
986 1938 1112 2032 vallis,

156 2060 274 2156 Quam
296 2058 474 2157 petimus,
499 2050 663 2130 celerare
689 2057 861 2157 gradum,
885 2056 1075 2154 solemque
1100 2060 1246 2157 praeire

157 2176 333 2276 Cogeret,
359 2177 460 2250 haud
485 2177 658 2274 equidem
680 2179 800 2274 (tanta
816 2193 872 2248 est
895 2177 964 2246 tihi
981 2175 1100 2274 gratia
1124 2175 1245 2278 fandi)
1273 2199 1341 2264 155

155 2297 366 2394 Hospitium
391 2285 602 2368 abnuerem.
651 2296 722 2368 Hic
747 2295 867 2370 studio
894 2295 1124 2394 queribunda
1147 2301 1273 2398 puella

150 2420 365 2488 *Extenuare
390 2416 504 2505 viam,
531 2414 719 2515 digitoque
744 2413 941 2488 ostendere
969 2416 1097 2508 colles,

158 2537 404 2633 Vicinumque
429 2553 593 2625 amnem,
621 2552 659 2606 et
681 2535 834 2607 multum
859 2561 1053 2635 superesse
1080 2536 1166 2609 diei.

161 2657 380 2754 Quanquam
405 2653 516 2726 etiam
540 2673 688 2728 noctem
712 2657 744 2728 si
768 2655 826 2728 fas
850 2654 1046 2727 traducere
1070 2659 1206 2730 nostris

159 2775 345 2846 Montanis
370 2774 527 2864 laribus,
554 2801 629 2846 uon
653 2776 847 2877 pauperis,
869 2776 1007 2875 inquit,
1032 2779 1143 2876 agelli
1274 2795 1343 2870 110

159 2896 333 2985 Munera,
360 2895 555 2994 quinctiles
579 2921 689 2987 uvae,
712 2871 968 2995 melimelaque
995 2898 1162 2988 deerunt,

159 3017 282 3112 Atque
309 3012 412 3086 olera
437 3032 474 3087 et
497 3041 626 3114 poma,
654 3032 691 3086 et
714 3015 814 3086 foliis
840 3015 1006 3092 suffultus
1031 3018 1175 3089 acernis

160 3133 357 3228 Lectulus-3
381 3152 418 3206 et
443 3134 624 3234 quidquid
648 3132 752 3207 locus
778 3159 906 3234 asper,
933 3153 970 3206 et
993 3129 1115 3210 invida
1139 3140 1232 3212 rotis

160 3254 359 3354 Pauperies
381 3253 516 3327 tulerit.
564 3255 660 3326 Dein
684 3253 865 3344 subdidit,
890 3272 930 3328 ut
953 3280 1074 3355 prope
1099 3257 1226 3332 silvam
1281 3347 1284 3356 Δ

162 3371 334 3446 Jordanis
359 3372 450 3444 nulli
476 3371 659 3474 deprensa
682 3374 754 3445 huc
778 3400 895 3472 usque
920 3400 988 3473 per
1014 3401 1120 3449 auras
1276 3391 1344 3468 115

111 3561 113 3565 .
162 3494 247 3566 Vox
268 3491 410 3565 incerta
435 3513 560 3586 sonet,
587 3491 821 3594 scopulisque
848 3511 885 3564 et
908 3495 1093 3568 montibus
1119 3518 1227 3574 erret.

163 3612 269 3683 Multi
292 3613 393 3684 illam
419 3613 540 3688 studio
565 3616 830 3713 nequicquam,
857 3630 966 3712 atque
993 3639 1080 3687 aure
1105 3621 1223 3696 secuti

165 3733 320 3832 Saepius
346 3733 571 3829 amnicolae3
597 3735 730 3807 multos
755 3759 823 3834 per
848 3733 953 3805 devia
975 3737 1096 3827 traxit,

163 3852 420 3952 Implicuitque
447 3880 562 3928 error.
615 3846 692 3926 Sed
715 3879 792 3926 non
815 3855 873 3926 his
896 3856 990 3930 Dira
1013 3856 1162 3946 moveri,

166 4125 201 4175 V.
223 4125 284 4177 121.
301 4125 372 4174 Edit.
386 4124 510 4177 Veneta:
528 4129 599 4188 Quid
614 4132 719 4182 tantum
731 4132 799 4181 haer
813 4131 910 4193 potuit.

166 4215 202 4264 V.
219 4217 279 4267 122.
295 4215 463 4278 Solymis.
484 4216 526 4267 ct.
542 4219 564 4285 1,
582 4224 608 4274 6.

166 4316 274 4369 11138.
291 4319 410 4368 Aenon
429 4302 552 4386 (Aturia)
567 4324 632 4372 urbs
645 4335 729 4386 propa
745 4317 981 4385 Jordanemjuxta
994 4323 1079 4377 saltn
1098 4324 1159 4395 (lv,
1178 4333 1236 4390 48).

281 4407 340 4461 crr.
357 4409 456 4464 Joanu.
473 4415 507 4482 2,
519 4415 562 4468 tt.
577 4413 682 4466 Ludos.
698 4415 733 4468 da
747 4415 818 4466 Dion
831 4413 935 4467 critica
950 4428 1031 4470 sacra
1047 4431 1073 4480 p.
1088 4421 1149 4473 tot.

1119 4522 1138 4586 5
