2990 4906
163 239 210 317 51,
581 223 930 298 alneum.

144 422 282 514 ,Tersit
307 421 512 495 amaritiem
537 420 659 519 stagni
666 447 680 514 3
705 446 805 494 nunc
831 421 950 494 omnis
974 421 1140 495 Avernus

162 545 237 619 Ore
262 541 358 615 bibit
383 542 500 626 salsos
525 539 656 612 latices
663 553 741 631 ,et
764 539 914 613 flumina
937 539 1072 613 turbat.
1280 557 1360 626 570

159 666 283 762 Atque
308 663 368 734 hic
378 715 391 752 ,
413 663 555 734 intento
579 661 675 733 rictu
701 657 788 731 dum
812 659 957 759 singula
979 659 1149 750 lustrant,

163 782 316 856 Calceus
341 783 381 854 in
404 781 486 882 ripa
506 783 611 882 niger
637 795 676 850 et
698 796 801 853 retus
825 783 1030 856 Ismaelitae
1086 829 1091 838 ,

138 904 352 1012 fIuventus,
378 901 491 974 soleis
516 901 628 1000 longo
650 899 724 996 jam
749 917 916 1002 tempore
935 902 1082 996 adesis,

164 1025 283 1123 Quem
307 1021 537 1095 circumfusis
562 1020 693 1094 rostris
721 1019 808 1092 dum
831 1023 1039 1096 Daemones
1067 1019 1138 1093 atri
1206 1095 1218 1138 ι

161 1142 322 1216 Naribus
348 1141 550 1236 olfaciunt,
575 1158 613 1213 ct
638 1165 801 1214 morsum
825 1140 997 1216 dentibus
1022 1143 1118 1213 inter
1283 1155 1357 1222 575

164 1263 213 1336 So
238 1262 458 1361 rapiuntque
473 1262 717 1358 trahuntque,
742 1261 879 1334 Bavnm
895 1264 1040 1362 Phegor
1058 1287 1122 1334 ore
1139 1262 1359 1339 momordit:

163 1384 309 1457 Gruniit
332 1382 419 1477 ille,
444 1383 626 1482 nigroque
654 1407 757 1455 armo
783 1383 955 1458 Babuelis
980 1381 1150 1471 inhaesit,
1304 1369 1309 1376 ¹

161 1507 283 1602 Atque
307 1503 340 1576 is
366 1504 525 1576 restituit
549 1526 713 1574 morsum
738 1502 900 1594 Zabulo,
923 1503 994 1574 iste
1017 1500 1225 1574 Molorcho:

161 1624 259 1696 Hinc
283 1623 415 1694 iterum
439 1623 543 1699 furor
569 1637 607 1694 et
632 1621 779 1712 rabies,
806 1640 844 1696 et
867 1621 1005 1697 stridor
1036 1620 1084 1693 ad
1110 1638 1211 1694 astra

164 1742 314 1816 Excitus
338 1742 547 1831 horribilis,
572 1739 687 1817 veluti
713 1767 796 1814 cum
823 1759 949 1817 exorta
974 1766 1106 1814 canum
1130 1738 1177 1813 lis
1291 1752 1363 1821 580

159 1866 204 1936 In
228 1863 355 1953 trivio,
380 1879 443 1934 aut
467 1859 627 1935 stridens
653 1885 748 1933 nero
768 1861 866 1961 pede
891 1861 1118 1963 protrahitur
1143 1884 1217 1933 sus.
1339 1845 1341 1850 ’

163 1981 345 2056 Cornibus
370 1981 513 2057 infestis
539 1983 771 2054 concurritur
795 1984 960 2083 undique
970 2034 982 2075 ,
1008 1980 1149 2051 fumum

162 2106 204 2191 In
228 2103 383 2195 faciem,
406 2102 610 2203 piceosque
636 2101 741 2201 ignes
766 2103 837 2178 sibi
862 2120 989 2177 mutuo
1012 2098 1201 2176 inhaleut:
1242 2157 1243 2162 ,

162 2221 234 2296 Hic
257 2223 331 2296 ruit
356 2248 400 2295 er
424 2223 500 2296 alto
524 2245 728 2323 praeceps,
753 2223 853 2298 hunc
878 2224 943 2297 ille
968 2237 1096 2298 veruto

163 2341 378 2440 Trajectum
392 2342 677 2442 impositumque
690 2341 852 2418 humeris
862 2343 979 2442 rapit:
1003 2340 1067 2411 ille
1085 2338 1271 2412 reluctans
1288 2351 1357 2420 585

44 2501 46 2506 ·
153 2460 345 2534 infoditur
368 2460 515 2560 penitus
540 2457 691 2532 sabulo:
716 2475 828 2560 atque
853 2462 940 2536 hinc
964 2461 1129 2561 Euphius
1140 2510 1152 2549 ,
1177 2458 1265 2532 inde

163 2585 236 2654 Per
260 2578 402 2653 medias
426 2578 554 2653 turbas
578 2575 716 2671 Belial,
749 2605 821 2653 nec
845 2607 922 2654 non
946 2580 1130 2654 Melusina

166 2701 266 2776 strix
290 2724 400 2790 anus,
426 2716 464 2770 et
486 2722 665 2799 proceres
691 2697 754 2770 alii
779 2725 1017 2801 compescere
1044 2698 1166 2788 dictis,

162 2819 334 2894 Fastibus
358 2837 397 2892 et
422 2817 572 2918 quernis
599 2815 695 2916 palis
721 2821 924 2894 certamina
949 2845 1059 2896 saera

164 2941 354 3014 Conantur
372 2938 496 3012 medii.
546 2937 666 3010 Furiis
692 2939 873 3014 exercitus
900 2966 1052 3031 amens,
1291 2949 1358 3018 590

162 3059 398 3134 Horrendum
422 3057 605 3155 stridens,
631 3077 777 3152 montes
803 3066 961 3135 secessit
986 3064 1026 3134 in
1054 3059 1163 3148 altos,

162 3180 439 3278 Discidiumque
465 3178 596 3278 ingens
622 3182 750 3252 oritur.
800 3183 890 3252 Pars
915 3181 1074 3282 plurima
1098 3173 1238 3250 bellum

167 3305 389 3376 Detrectare
412 3297 556 3399 palam,
583 3297 656 3370 nisi
681 3300 753 3376 dux
777 3318 885 3400 regat
910 3300 1049 3374 arbiter
1075 3319 1203 3398 agmen

172 3513 208 3566 V.
224 3514 285 3566 666.
305 3513 482 3564 Avernus.
510 3508 567 3561 cfr.
580 3509 628 3578 111,
647 3512 692 3564 66.

172 3606 207 3658 V.
226 3608 286 3658 ³78.
304 3602 477 3671 Ismaelitaa,
500 3602 605 3666 posteri
617 3601 760 3670 lamuelis,
783 3602 834 3655 filli
850 3601 998 3653 Abraham!
1016 3613 1051 3652 ex
1070 3601 1146 3666 Agar
1162 3597 1273 3666 ancilla,
1295 3595 1360 3648 'Ara-

307 3695 384 3747 biam
398 3693 579 3746 incoluerunt.
604 3696 671 3747 aaa.
689 3696 733 3762 10,
754 3697 796 3750 lt.
816 3707 840 3746 o.
854 3695 898 3764 ut,
915 3697 950 3748 14
960 3706 1019 3760 sqq.
1038 3705 1061 3744 c.
1078 3695 1123 3758 tt,
1139 3691 1172 3742 12
1187 3703 1246 3754 sqq.

174 3791 209 3843 V.
228 3791 289 3844 676.
308 3792 369 3844 177.
384 3789 444 3840 676.
480 3787 620 3853 Bevus,
653 3789 810 3856 Vhagor,
837 3787 995 3854 Bubual,
1033 3781 1211 3851 zabulus,
1239 3779 1359 3833 Molor-

314 3883 398 3931 chus
415 3904 444 3916 -
460 3878 629 3929 diabolorum
642 3880 760 3934 nonna

174 3974 209 4024 V.
227 3975 288 4027 686.
306 3972 378 4024 unt.
393 3969 493 4022 Venet.
507 3980 557 4032 pro
575 3970 760 4022 reluctans
778 3969 798 4022 Ι.
814 3971 865 4024 sub
881 3969 946 4022 alto.

175 4065 210 4117 V.
224 4066 285 4117 686.
305 4065 377 4115 Ean.
392 4060 514 4112 Veneta:
805 4094 808 4102 .

336 4155 470 4206 motitur
485 4151 596 4206 ratmot
615 4152 686 4205 Hinc
701 4155 802 4222 Batel,
824 4155 885 4206 hinc
903 4153 1033 4220 uerutus,
1054 4152 1116 4204 inde

177 4249 211 4300 V.
232 4251 292 4324 686.
308 4246 470 4312 muthius
488 4247 579 4298 fictum
603 4247 703 4298 natali
721 4261 828 4300 nonen.

177 4339 212 4390 V.
234 4342 293 4394 667.
312 4337 448 4390 Belial.
467 4338 503 4410 V,
521 4341 581 4392 664.
