<?xml version="1.0" encoding="UTF-8"?>
<!DOCTYPE html PUBLIC "-//W3C//DTD XHTML 1.0 Transitional//EN"
    "http://www.w3.org/TR/xhtml1/DTD/xhtml1-transitional.dtd">
<html xmlns="http://www.w3.org/1999/xhtml" xml:lang="en" lang="en">
 <head>
  <title>
</title>
<meta http-equiv="Content-Type" content="text/html;charset=utf-8" />
  <meta name='ocr-system' content='tesseract 3.04.00' />
  <meta name='ocr-capabilities' content='ocr_page ocr_carea ocr_par ocr_line ocrx_word'/>
</head>
<body>
  <div class='ocr_page' id='page_1' title='image "./jesuspuerpoema00gratgoog_0116.png"; bbox 0 0 2960 4908; ppageno 0'>
   <div class='ocr_carea' id='block_1_1' title="bbox 576 273 908 384">
    <p class='ocr_par' dir='ltr' id='par_1_1' title="bbox 576 273 908 384">
     <span class='ocr_line' id='line_1_1' title="bbox 576 273 908 384; baseline 0.016 -4.211"><span class='ocrx_word' id='word_1_1' title='bbox 576 273 908 384; x_wconf 54' lang='grc'><strong>11311111</strong></span> 
     </span>
    </p>
   </div>
   <div class='ocr_carea' id='block_1_2' title="bbox 132 505 1428 3365">
    <p class='ocr_par' dir='ltr' id='par_1_2' title="bbox 145 505 1209 728">
     <span class='ocr_line' id='line_1_2' title="bbox 145 505 1209 645; baseline -0.003 -60"><span class='ocrx_word' id='word_1_2' title='bbox 145 509 302 606; x_wconf 80' lang='lat' dir='ltr'><strong>Jamque</strong></span> <span class='ocrx_word' id='word_1_3' title='bbox 325 505 569 645; x_wconf 78' lang='lat' dir='ltr'><strong>peragrarunt</strong></span> <span class='ocrx_word' id='word_1_4' title='bbox 592 507 783 600; x_wconf 85' lang='lat' dir='ltr'><strong>Persas,</strong></span> <span class='ocrx_word' id='word_1_5' title='bbox 768 515 920 610; x_wconf 73' lang='lat' dir='ltr'><strong>Jamque</strong></span> <span class='ocrx_word' id='word_1_6' title='bbox 941 505 1069 582; x_wconf 87' lang='lat' dir='ltr'><strong>ultima</strong></span> <span class='ocrx_word' id='word_1_7' title='bbox 1091 529 1209 608; x_wconf 86' lang='lat' dir='ltr'><strong>regna</strong></span> 
     </span>
     <span class='ocr_line' id='line_1_3' title="bbox 146 627 1011 728; baseline -0.001 -27"><span class='ocrx_word' id='word_1_8' title='bbox 146 627 354 701; x_wconf 88' lang='lat' dir='ltr'><strong>Memnonis</strong></span> <span class='ocrx_word' id='word_1_9' title='bbox 378 625 460 720; x_wconf 76' lang='lat' dir='ltr'><strong>eoi3</strong></span> <span class='ocrx_word' id='word_1_10' title='bbox 485 650 570 700; x_wconf 83' lang='lat' dir='ltr'><strong>euru</strong></span> <span class='ocrx_word' id='word_1_11' title='bbox 593 628 752 728; x_wconf 81' lang='lat' dir='ltr'><strong>primum</strong></span> <span class='ocrx_word' id='word_1_12' title='bbox 773 628 895 702; x_wconf 90' lang='lat' dir='ltr'><strong>lenior</strong></span> <span class='ocrx_word' id='word_1_13' title='bbox 919 651 1011 702; x_wconf 86' lang='lat' dir='ltr'><strong>nura</strong></span> 
     </span>
    </p>

    <p class='ocr_par' dir='ltr' id='par_1_3' title="bbox 148 747 1031 849">
     <span class='ocr_line' id='line_1_4' title="bbox 148 747 1031 849; baseline -0.001 -29"><span class='ocrx_word' id='word_1_14' title='bbox 148 747 285 820; x_wconf 84' lang='lat' dir='ltr'><strong>Sentiri</strong></span> <span class='ocrx_word' id='word_1_15' title='bbox 306 747 439 849; x_wconf 88' lang='lat' dir='ltr'><strong>procul</strong></span> <span class='ocrx_word' id='word_1_16' title='bbox 462 771 484 822; x_wconf 90' lang='lat' dir='ltr'><strong>c</strong></span> <span class='ocrx_word' id='word_1_17' title='bbox 508 747 630 822; x_wconf 85' lang='lat' dir='ltr'><strong>cedris</strong></span> <span class='ocrx_word' id='word_1_18' title='bbox 652 749 865 849; x_wconf 78' lang='lat' dir='ltr'><strong>gratissima</strong></span> <span class='ocrx_word' id='word_1_19' title='bbox 886 747 1031 848; x_wconf 77' lang='lat' dir='ltr'><strong>ccepit3</strong></span> 
     </span>
    </p>

    <p class='ocr_par' dir='ltr' id='par_1_4' title="bbox 141 865 1338 1212">
     <span class='ocr_line' id='line_1_5' title="bbox 146 865 1338 969; baseline -0.001 -29"><span class='ocrx_word' id='word_1_20' title='bbox 146 868 301 968; x_wconf 76' lang='lat' dir='ltr'><strong>Qualem</strong></span> <span class='ocrx_word' id='word_1_21' title='bbox 325 892 347 939; x_wconf 93' lang='lat' dir='ltr'><strong>e</strong></span> <span class='ocrx_word' id='word_1_22' title='bbox 371 866 576 969; x_wconf 88' lang='lat' dir='ltr'><strong>longinquo</strong></span> <span class='ocrx_word' id='word_1_23' title='bbox 599 869 721 942; x_wconf 86' lang='lat' dir='ltr'><strong>nautis</strong></span> <span class='ocrx_word' id='word_1_24' title='bbox 745 868 976 942; x_wconf 76' lang='lat' dir='ltr'><strong>venientibus</strong></span> <span class='ocrx_word' id='word_1_25' title='bbox 1001 865 1133 942; x_wconf 82' lang='lat' dir='ltr'><strong>afflant</strong></span> <span class='ocrx_word' id='word_1_26' title='bbox 1267 876 1338 953; x_wconf 68' lang='lat'><strong>145</strong></span> 
     </span>
     <span class='ocr_line' id='line_1_6' title="bbox 143 987 1328 1090; baseline 0.001 -29"><span class='ocrx_word' id='word_1_27' title='bbox 143 987 205 1061; x_wconf 86' lang='lat' dir='ltr'><strong>Ad</strong></span> <span class='ocrx_word' id='word_1_28' title='bbox 228 1012 332 1061; x_wconf 85' lang='lat' dir='ltr'><strong>mare</strong></span> <span class='ocrx_word' id='word_1_29' title='bbox 358 987 524 1062; x_wconf 89' lang='lat' dir='ltr'><strong>odoratis</strong></span> <span class='ocrx_word' id='word_1_30' title='bbox 547 990 723 1090; x_wconf 80' lang='lat' dir='ltr'>Ligurum</span> <span class='ocrx_word' id='word_1_31' title='bbox 742 1014 896 1063; x_wconf 89' lang='lat' dir='ltr'><strong>nemora</strong></span> <span class='ocrx_word' id='word_1_32' title='bbox 920 1013 1033 1062; x_wconf 86' lang='lat' dir='ltr'><strong>aurea</strong></span> <span class='ocrx_word' id='word_1_33' title='bbox 1058 988 1171 1062; x_wconf 85' lang='lat' dir='ltr'><strong>citris.</strong></span> <span class='ocrx_word' id='word_1_34' title='bbox 1326 1003 1328 1010; x_wconf 83' lang='grc'><em>’</em></span> 
     </span>
     <span class='ocr_line' id='line_1_7' title="bbox 141 1107 1107 1212; baseline 0 -32"><span class='ocrx_word' id='word_1_35' title='bbox 141 1110 231 1181; x_wconf 85' lang='lat' dir='ltr'><strong>Mox</strong></span> <span class='ocrx_word' id='word_1_36' title='bbox 254 1108 510 1209; x_wconf 77' lang='lat' dir='ltr'><strong>paradisiacae</strong></span> <span class='ocrx_word' id='word_1_37' title='bbox 534 1110 703 1184; x_wconf 77' lang='lat' dir='ltr'><strong>volucres</strong></span> <span class='ocrx_word' id='word_1_38' title='bbox 726 1135 796 1212; x_wconf 88' lang='lat' dir='ltr'><strong>per</strong></span> <span class='ocrx_word' id='word_1_39' title='bbox 821 1107 971 1182; x_wconf 85' lang='lat' dir='ltr'><strong>caerula</strong></span> <span class='ocrx_word' id='word_1_40' title='bbox 994 1108 1107 1206; x_wconf 85' lang='lat' dir='ltr'><strong>visae,</strong></span> 
     </span>
    </p>

    <p class='ocr_par' dir='ltr' id='par_1_5' title="bbox 139 1226 1114 1330">
     <span class='ocr_line' id='line_1_8' title="bbox 139 1226 1114 1330; baseline 0.001 -29"><span class='ocrx_word' id='word_1_41' title='bbox 139 1229 311 1301; x_wconf 85' lang='lat' dir='ltr'><strong>Nunciae</strong></span> <span class='ocrx_word' id='word_1_42' title='bbox 336 1227 385 1302; x_wconf 89' lang='lat' dir='ltr'><strong>ab</strong></span> <span class='ocrx_word' id='word_1_43' title='bbox 408 1228 545 1330; x_wconf 78' lang='lat' dir='ltr'><strong>Elysiis</strong></span> <span class='ocrx_word' id='word_1_44' title='bbox 569 1231 698 1305; x_wconf 87' lang='lat' dir='ltr'><strong>hortis.</strong></span> <span class='ocrx_word' id='word_1_45' title='bbox 747 1231 835 1304; x_wconf 85' lang='lat' dir='ltr'><strong>Non</strong></span> <span class='ocrx_word' id='word_1_46' title='bbox 857 1227 964 1301; x_wconf 88' lang='lat' dir='ltr'><strong>ludia</strong></span> <span class='ocrx_word' id='word_1_47' title='bbox 986 1226 1114 1330; x_wconf 48' lang='lat' dir='ltr'><strong>tales„</strong></span> 
     </span>
    </p>

    <p class='ocr_par' dir='ltr' id='par_1_6' title="bbox 142 1349 1053 1450">
     <span class='ocr_line' id='line_1_9' title="bbox 142 1349 1053 1450; baseline 0 -30"><span class='ocrx_word' id='word_1_48' title='bbox 142 1349 226 1421; x_wconf 79' lang='lat' dir='ltr'><strong>Nec</strong></span> <span class='ocrx_word' id='word_1_49' title='bbox 249 1349 359 1423; x_wconf 83' lang='lat' dir='ltr'><strong>variis</strong></span> <span class='ocrx_word' id='word_1_50' title='bbox 382 1351 520 1450; x_wconf 76' lang='lat' dir='ltr'><strong>pennis</strong></span> <span class='ocrx_word' id='word_1_51' title='bbox 541 1367 598 1424; x_wconf 88' lang='lat' dir='ltr'><strong>tot</strong></span> <span class='ocrx_word' id='word_1_52' title='bbox 623 1351 725 1430; x_wconf 79' lang='lat' dir='ltr'><strong>dives</strong></span> <span class='ocrx_word' id='word_1_53' title='bbox 748 1349 923 1423; x_wconf 82' lang='lat' dir='ltr'><strong>Amerina</strong></span> <span class='ocrx_word' id='word_1_54' title='bbox 946 1349 1053 1422; x_wconf 83' lang='lat' dir='ltr'><strong>vestit</strong></span> 
     </span>
    </p>

    <p class='ocr_par' dir='ltr' id='par_1_7' title="bbox 141 1466 1335 1690">
     <span class='ocr_line' id='line_1_10' title="bbox 141 1466 1335 1570; baseline 0.001 -32"><span class='ocrx_word' id='word_1_55' title='bbox 141 1468 341 1568; x_wconf 86' lang='lat' dir='ltr'><strong>Purpureis</strong></span> <span class='ocrx_word' id='word_1_56' title='bbox 366 1470 518 1562; x_wconf 88' lang='lat' dir='ltr'><strong>rostris,</strong></span> <span class='ocrx_word' id='word_1_57' title='bbox 542 1470 732 1570; x_wconf 82' lang='lat' dir='ltr'><strong>minioque</strong></span> <span class='ocrx_word' id='word_1_58' title='bbox 755 1466 972 1543; x_wconf 88' lang='lat' dir='ltr'><strong>rubentibus</strong></span> <span class='ocrx_word' id='word_1_59' title='bbox 998 1466 1080 1541; x_wconf 88' lang='lat' dir='ltr'><strong>alis.</strong></span> <span class='ocrx_word' id='word_1_60' title='bbox 1263 1481 1335 1551; x_wconf 74' lang='lat'><strong>150</strong></span> 
     </span>
     <span class='ocr_line' id='line_1_11' title="bbox 142 1586 1100 1690; baseline 0 -32"><span class='ocrx_word' id='word_1_61' title='bbox 142 1586 299 1661; x_wconf 79' lang='lat' dir='ltr'><strong>Miratur</strong></span> <span class='ocrx_word' id='word_1_62' title='bbox 323 1589 543 1690; x_wconf 78' lang='lat' dir='ltr'><strong>capiturque</strong></span> <span class='ocrx_word' id='word_1_63' title='bbox 565 1589 661 1664; x_wconf 88' lang='lat' dir='ltr'><strong>locis</strong></span> <span class='ocrx_word' id='word_1_64' title='bbox 685 1607 792 1663; x_wconf 87' lang='lat' dir='ltr'><strong>tener</strong></span> <span class='ocrx_word' id='word_1_65' title='bbox 814 1587 940 1662; x_wconf 89' lang='lat' dir='ltr'><strong>incola</strong></span> <span class='ocrx_word' id='word_1_66' title='bbox 965 1586 1100 1677; x_wconf 88' lang='lat' dir='ltr'><strong>eremi,</strong></span> 
     </span>
    </p>

    <p class='ocr_par' dir='ltr' id='par_1_8' title="bbox 137 1701 1247 1930">
     <span class='ocr_line' id='line_1_12' title="bbox 140 1701 1134 1810; baseline 0.003 -33"><span class='ocrx_word' id='word_1_67' title='bbox 140 1706 260 1806; x_wconf 80' lang='lat' dir='ltr'><strong>Quem</strong></span> <span class='ocrx_word' id='word_1_68' title='bbox 282 1707 434 1782; x_wconf 84' lang='lat' dir='ltr'><strong>flentem</strong></span> <span class='ocrx_word' id='word_1_69' title='bbox 458 1710 574 1810; x_wconf 88' lang='lat' dir='ltr'><strong>Virgo</strong></span> <span class='ocrx_word' id='word_1_70' title='bbox 598 1701 772 1783; x_wconf 67' lang='lat' dir='ltr'><strong>inuarata</strong></span> <span class='ocrx_word' id='word_1_71' title='bbox 796 1725 992 1810; x_wconf 84' lang='lat' dir='ltr'><strong>receperat</strong></span> <span class='ocrx_word' id='word_1_72' title='bbox 1017 1707 1134 1781; x_wconf 76' lang='lat' dir='ltr'><strong>alma:</strong></span> 
     </span>
     <span class='ocr_line' id='line_1_13' title="bbox 137 1824 1247 1930; baseline 0.003 -34"><span class='ocrx_word' id='word_1_73' title='bbox 137 1825 326 1900; x_wconf 88' lang='lat' dir='ltr'><strong>Haeccine</strong></span> <span class='ocrx_word' id='word_1_74' title='bbox 350 1829 573 1902; x_wconf 80' lang='lat' dir='ltr'><strong>Nauaridum</strong></span> <span class='ocrx_word' id='word_1_75' title='bbox 597 1829 723 1930; x_wconf 87' lang='lat' dir='ltr'><strong>regio,</strong></span> <span class='ocrx_word' id='word_1_76' title='bbox 748 1829 886 1928; x_wconf 88' lang='lat' dir='ltr'><strong>inquit,</strong></span> <span class='ocrx_word' id='word_1_77' title='bbox 912 1829 1082 1927; x_wconf 83' lang='lat' dir='ltr'><strong>avitaque</strong></span> <span class='ocrx_word' id='word_1_78' title='bbox 1106 1824 1247 1900; x_wconf 75' lang='lat' dir='ltr'><strong>tellus?</strong></span> 
     </span>
    </p>

    <p class='ocr_par' dir='ltr' id='par_1_9' title="bbox 137 1945 1177 2048">
     <span class='ocr_line' id='line_1_14' title="bbox 137 1945 1177 2048; baseline -0.002 -27"><span class='ocrx_word' id='word_1_79' title='bbox 137 1945 172 2021; x_wconf 92' lang='grc'><strong>0</strong></span> <span class='ocrx_word' id='word_1_80' title='bbox 197 1948 334 2040; x_wconf 85' lang='lat' dir='ltr'><strong>Mater,</strong></span> <span class='ocrx_word' id='word_1_81' title='bbox 359 1975 472 2048; x_wconf 73' lang='lat' dir='ltr'><strong>qaam</strong></span> <span class='ocrx_word' id='word_1_82' title='bbox 494 1950 614 2022; x_wconf 85' lang='lat' dir='ltr'><strong>laetus</strong></span> <span class='ocrx_word' id='word_1_83' title='bbox 642 1951 751 2047; x_wconf 86' lang='lat' dir='ltr'><strong>ager!</strong></span> <span class='ocrx_word' id='word_1_84' title='bbox 776 1973 873 2046; x_wconf 89' lang='lat' dir='ltr'><strong>quae</strong></span> <span class='ocrx_word' id='word_1_85' title='bbox 898 1949 1010 2046; x_wconf 86' lang='lat' dir='ltr'><strong>copia</strong></span> <span class='ocrx_word' id='word_1_86' title='bbox 1033 1949 1177 2020; x_wconf 85' lang='lat' dir='ltr'><strong>rerum!</strong></span> 
     </span>
    </p>

    <p class='ocr_par' dir='ltr' id='par_1_10' title="bbox 136 2065 1329 2286">
     <span class='ocr_line' id='line_1_15' title="bbox 137 2065 1329 2166; baseline 0.007 -28"><span class='ocrx_word' id='word_1_87' title='bbox 137 2065 242 2166; x_wconf 80' lang='lat' dir='ltr'><strong>Quae</strong></span> <span class='ocrx_word' id='word_1_88' title='bbox 266 2093 420 2142; x_wconf 87' lang='lat' dir='ltr'><strong>nemora</strong></span> <span class='ocrx_word' id='word_1_89' title='bbox 445 2085 483 2142; x_wconf 88' lang='lat' dir='ltr'><strong>et</strong></span> <span class='ocrx_word' id='word_1_90' title='bbox 505 2067 613 2142; x_wconf 71' lang='lat' dir='ltr'><strong>rinei</strong></span> <span class='ocrx_word' id='word_1_91' title='bbox 635 2066 781 2141; x_wconf 82' lang='lat' dir='ltr'><strong>fontes!</strong></span> <span class='ocrx_word' id='word_1_92' title='bbox 807 2067 874 2140; x_wconf 89' lang='lat' dir='ltr'><strong>Cui</strong></span> <span class='ocrx_word' id='word_1_93' title='bbox 899 2065 1061 2140; x_wconf 87' lang='lat' dir='ltr'><strong>candida</strong></span> <span class='ocrx_word' id='word_1_94' title='bbox 1084 2067 1202 2166; x_wconf 87' lang='lat' dir='ltr'><strong>Virgo</strong></span> <span class='ocrx_word' id='word_1_95' title='bbox 1259 2079 1329 2148; x_wconf 79' lang='lat' dir='ltr'><strong>tes</strong></span> 
     </span>
     <span class='ocr_line' id='line_1_16' title="bbox 136 2185 1103 2286; baseline -0.001 -29"><span class='ocrx_word' id='word_1_96' title='bbox 136 2185 402 2262; x_wconf 75' lang='lat' dir='ltr'><strong>Dissimulaust</strong></span> <span class='ocrx_word' id='word_1_97' title='bbox 427 2187 612 2286; x_wconf 85' lang='lat' dir='ltr'><strong>Equidem</strong></span> <span class='ocrx_word' id='word_1_98' title='bbox 632 2185 744 2284; x_wconf 90' lang='lat' dir='ltr'><strong>longe</strong></span> <span class='ocrx_word' id='word_1_99' title='bbox 767 2185 840 2258; x_wconf 87' lang='lat' dir='ltr'><strong>ista</strong></span> <span class='ocrx_word' id='word_1_100' title='bbox 863 2186 1010 2260; x_wconf 88' lang='lat' dir='ltr'><strong>heatior</strong></span> <span class='ocrx_word' id='word_1_101' title='bbox 1034 2208 1103 2258; x_wconf 88' lang='lat' dir='ltr'><strong>ora</strong></span> 
     </span>
    </p>

    <p class='ocr_par' dir='ltr' id='par_1_11' title="bbox 135 2302 1331 2526">
     <span class='ocr_line' id='line_1_17' title="bbox 140 2302 1331 2406; baseline 0.002 -30"><span class='ocrx_word' id='word_1_102' title='bbox 140 2306 260 2404; x_wconf 84' lang='lat' dir='ltr'><strong>Quam</strong></span> <span class='ocrx_word' id='word_1_103' title='bbox 284 2321 349 2378; x_wconf 87' lang='lat' dir='ltr'><strong>tua</strong></span> <span class='ocrx_word' id='word_1_104' title='bbox 371 2330 480 2394; x_wconf 87' lang='lat' dir='ltr'><strong>rura,</strong></span> <span class='ocrx_word' id='word_1_105' title='bbox 513 2304 634 2403; x_wconf 90' lang='lat' dir='ltr'><strong>inquit</strong></span> <span class='ocrx_word' id='word_1_106' title='bbox 641 2331 655 2398; x_wconf 79' lang='lat'>3</span> <span class='ocrx_word' id='word_1_107' title='bbox 689 2302 849 2378; x_wconf 87' lang='lat' dir='ltr'><strong>nebulae</strong></span> <span class='ocrx_word' id='word_1_108' title='bbox 874 2305 979 2406; x_wconf 81' lang='lat' dir='ltr'><strong>queis</strong></span> <span class='ocrx_word' id='word_1_109' title='bbox 1004 2328 1153 2406; x_wconf 82' lang='lat' dir='ltr'><strong>semper</strong></span> <span class='ocrx_word' id='word_1_110' title='bbox 1175 2327 1331 2406; x_wconf 79' lang='lat' dir='ltr'><strong>opacae,</strong></span> 
     </span>
     <span class='ocr_line' id='line_1_18' title="bbox 135 2423 1121 2526; baseline 0.002 -29"><span class='ocrx_word' id='word_1_111' title='bbox 135 2423 309 2498; x_wconf 85' lang='lat' dir='ltr'><strong>Patribus</strong></span> <span class='ocrx_word' id='word_1_112' title='bbox 332 2442 370 2500; x_wconf 87' lang='lat' dir='ltr'><strong>et</strong></span> <span class='ocrx_word' id='word_1_113' title='bbox 395 2424 537 2498; x_wconf 90' lang='lat' dir='ltr'><strong>circum</strong></span> <span class='ocrx_word' id='word_1_114' title='bbox 560 2424 700 2524; x_wconf 83' lang='lat' dir='ltr'><strong>stagnis</strong></span> <span class='ocrx_word' id='word_1_115' title='bbox 726 2428 846 2526; x_wconf 82' lang='lat' dir='ltr'><strong>gravis</strong></span> <span class='ocrx_word' id='word_1_116' title='bbox 868 2425 1021 2501; x_wconf 87' lang='lat' dir='ltr'><strong>incubet</strong></span> <span class='ocrx_word' id='word_1_117' title='bbox 1045 2433 1121 2501; x_wconf 68' lang='lat' dir='ltr'><strong>uer.</strong></span> 
     </span>
    </p>

    <p class='ocr_par' dir='ltr' id='par_1_12' title="bbox 139 2544 1008 2644">
     <span class='ocr_line' id='line_1_19' title="bbox 139 2544 1008 2644; baseline 0.003 -27"><span class='ocrx_word' id='word_1_118' title='bbox 139 2544 208 2617; x_wconf 92' lang='lat' dir='ltr'><strong>Ille</strong></span> <span class='ocrx_word' id='word_1_119' title='bbox 234 2561 356 2618; x_wconf 87' lang='lat' dir='ltr'><strong>autem</strong></span> <span class='ocrx_word' id='word_1_120' title='bbox 379 2545 515 2644; x_wconf 82' lang='lat' dir='ltr'><strong>gestire</strong></span> <span class='ocrx_word' id='word_1_121' title='bbox 540 2545 692 2634; x_wconf 88' lang='lat' dir='ltr'><strong>animis,</strong></span> <span class='ocrx_word' id='word_1_122' title='bbox 715 2562 756 2618; x_wconf 90' lang='lat' dir='ltr'><strong>ut</strong></span> <span class='ocrx_word' id='word_1_123' title='bbox 779 2547 901 2644; x_wconf 81' lang='lat' dir='ltr'><strong>gestiit</strong></span> <span class='ocrx_word' id='word_1_124' title='bbox 925 2546 1008 2620; x_wconf 83' lang='lat' dir='ltr'><strong>alvo</strong></span> 
     </span>
    </p>

    <p class='ocr_par' dir='ltr' id='par_1_13' title="bbox 135 2664 1331 3125">
     <span class='ocr_line' id='line_1_20' title="bbox 137 2664 1331 2767; baseline 0.001 -31"><span class='ocrx_word' id='word_1_125' title='bbox 137 2664 335 2766; x_wconf 83' lang='lat' dir='ltr'><strong>Quondam</strong></span> <span class='ocrx_word' id='word_1_126' title='bbox 358 2682 550 2756; x_wconf 85' lang='lat' dir='ltr'><strong>materna,</strong></span> <span class='ocrx_word' id='word_1_127' title='bbox 575 2681 686 2763; x_wconf 90' lang='lat' dir='ltr'><strong>atque</strong></span> <span class='ocrx_word' id='word_1_128' title='bbox 709 2665 828 2738; x_wconf 87' lang='lat' dir='ltr'><strong>oculis</strong></span> <span class='ocrx_word' id='word_1_129' title='bbox 851 2691 921 2767; x_wconf 88' lang='lat' dir='ltr'><strong>per</strong></span> <span class='ocrx_word' id='word_1_130' title='bbox 945 2666 1079 2740; x_wconf 86' lang='lat' dir='ltr'><strong>cuneta</strong></span> <span class='ocrx_word' id='word_1_131' title='bbox 1092 2666 1230 2765; x_wconf 72' lang='lat' dir='ltr'><strong>vagari,</strong></span> <span class='ocrx_word' id='word_1_132' title='bbox 1258 2679 1331 2746; x_wconf 74' lang='lat'><strong>160</strong></span> 
     </span>
     <span class='ocr_line' id='line_1_21' title="bbox 137 2784 1300 2888; baseline -0.003 -29"><span class='ocrx_word' id='word_1_133' title='bbox 137 2789 187 2859; x_wconf 91' lang='lat' dir='ltr'><strong>Et</strong></span> <span class='ocrx_word' id='word_1_134' title='bbox 211 2785 334 2884; x_wconf 88' lang='lat' dir='ltr'><strong>digitis</strong></span> <span class='ocrx_word' id='word_1_135' title='bbox 358 2810 458 2858; x_wconf 88' lang='lat' dir='ltr'><strong>nunc</strong></span> <span class='ocrx_word' id='word_1_136' title='bbox 482 2786 596 2874; x_wconf 87' lang='lat' dir='ltr'><strong>haec,</strong></span> <span class='ocrx_word' id='word_1_137' title='bbox 622 2809 721 2856; x_wconf 89' lang='lat' dir='ltr'><strong>nune</strong></span> <span class='ocrx_word' id='word_1_138' title='bbox 745 2784 811 2858; x_wconf 89' lang='lat' dir='ltr'><strong>illa</strong></span> <span class='ocrx_word' id='word_1_139' title='bbox 835 2785 1033 2861; x_wconf 85' lang='lat' dir='ltr'><strong>ostendere</strong></span> <span class='ocrx_word' id='word_1_140' title='bbox 1054 2786 1188 2888; x_wconf 63' lang='lat' dir='ltr'><strong>parvis.</strong></span> <span class='ocrx_word' id='word_1_141' title='bbox 1223 2852 1231 2878; x_wconf 52' lang='lat'><strong><em>¹</em></strong></span> <span class='ocrx_word' id='word_1_142' title='bbox 1292 2831 1300 2842; x_wconf 86' lang='lat'>-</span> 
     </span>
     <span class='ocr_line' id='line_1_22' title="bbox 135 2903 1093 3006; baseline 0.001 -28"><span class='ocrx_word' id='word_1_143' title='bbox 135 2909 283 2980; x_wconf 88' lang='lat' dir='ltr'><strong>Interea</strong></span> <span class='ocrx_word' id='word_1_144' title='bbox 306 2905 423 3004; x_wconf 88' lang='lat' dir='ltr'><strong>magis</strong></span> <span class='ocrx_word' id='word_1_145' title='bbox 448 2922 560 3006; x_wconf 91' lang='lat' dir='ltr'><strong>atque</strong></span> <span class='ocrx_word' id='word_1_146' title='bbox 585 2905 702 3002; x_wconf 86' lang='lat' dir='ltr'><strong>magis</strong></span> <span class='ocrx_word' id='word_1_147' title='bbox 726 2903 919 2980; x_wconf 86' lang='lat' dir='ltr'><strong>subsidere</strong></span> <span class='ocrx_word' id='word_1_148' title='bbox 945 2930 1093 2980; x_wconf 76' lang='lat' dir='ltr'><strong>currusz</strong></span> 
     </span>
     <span class='ocr_line' id='line_1_23' title="bbox 135 3023 1045 3125; baseline -0.003 -27"><span class='ocrx_word' id='word_1_149' title='bbox 135 3025 362 3125; x_wconf 73' lang='lat' dir='ltr'><strong>Praecipites</strong></span> <span class='ocrx_word' id='word_1_150' title='bbox 387 3025 493 3096; x_wconf 87' lang='lat' dir='ltr'><strong>caelo</strong></span> <span class='ocrx_word' id='word_1_151' title='bbox 518 3024 663 3122; x_wconf 87' lang='lat' dir='ltr'><strong>bijugos</strong></span> <span class='ocrx_word' id='word_1_152' title='bbox 689 3023 757 3095; x_wconf 90' lang='lat' dir='ltr'><strong>sed</strong></span> <span class='ocrx_word' id='word_1_153' title='bbox 780 3025 928 3122; x_wconf 86' lang='lat' dir='ltr'><strong>parcius</strong></span> <span class='ocrx_word' id='word_1_154' title='bbox 955 3024 1045 3096; x_wconf 90' lang='lat' dir='ltr'><strong>Ales</strong></span> 
     </span>
    </p>

    <p class='ocr_par' dir='ltr' id='par_1_14' title="bbox 133 3140 1062 3242">
     <span class='ocr_line' id='line_1_24' title="bbox 133 3140 1062 3242; baseline -0.001 -25"><span class='ocrx_word' id='word_1_155' title='bbox 133 3144 382 3218; x_wconf 83' lang='lat' dir='ltr'><strong>Accelerabat</strong></span> <span class='ocrx_word' id='word_1_156' title='bbox 406 3167 520 3242; x_wconf 89' lang='lat' dir='ltr'><strong>agens</strong></span> <span class='ocrx_word' id='word_1_157' title='bbox 545 3141 720 3235; x_wconf 86' lang='lat' dir='ltr'><strong>stimulis,</strong></span> <span class='ocrx_word' id='word_1_158' title='bbox 745 3167 819 3241; x_wconf 91' lang='lat' dir='ltr'><strong>quo</strong></span> <span class='ocrx_word' id='word_1_159' title='bbox 843 3160 922 3216; x_wconf 87' lang='lat' dir='ltr'><strong>tota</strong></span> <span class='ocrx_word' id='word_1_160' title='bbox 947 3140 1062 3216; x_wconf 86' lang='lat' dir='ltr'><strong>videri</strong></span> 
     </span>
    </p>

    <p class='ocr_par' dir='ltr' id='par_1_15' title="bbox 132 3261 1428 3365">
     <span class='ocr_line' id='line_1_25' title="bbox 132 3261 1428 3365; baseline -0.002 -27"><span class='ocrx_word' id='word_1_161' title='bbox 132 3265 217 3340; x_wconf 77' lang='lat' dir='ltr'><strong>lam</strong></span> <span class='ocrx_word' id='word_1_162' title='bbox 239 3265 346 3364; x_wconf 90' lang='lat' dir='ltr'><strong>regio</strong></span> <span class='ocrx_word' id='word_1_163' title='bbox 372 3287 416 3334; x_wconf 83' lang='lat' dir='ltr'><strong>ex</strong></span> <span class='ocrx_word' id='word_1_164' title='bbox 441 3262 517 3336; x_wconf 87' lang='lat' dir='ltr'><strong>alto</strong></span> <span class='ocrx_word' id='word_1_165' title='bbox 539 3279 668 3363; x_wconf 89' lang='lat' dir='ltr'><strong>posset</strong></span> <span class='ocrx_word' id='word_1_166' title='bbox 692 3261 871 3338; x_wconf 87' lang='lat' dir='ltr'><strong>ditissima</strong></span> <span class='ocrx_word' id='word_1_167' title='bbox 895 3263 1017 3365; x_wconf 90' lang='lat' dir='ltr'><strong>pomis</strong></span> <span class='ocrx_word' id='word_1_168' title='bbox 1253 3279 1324 3348; x_wconf 79' lang='lat'><strong>165</strong></span> <span class='ocrx_word' id='word_1_169' title='bbox 1424 3326 1428 3335; x_wconf 91' lang='lat'><strong>.</strong></span> 
     </span>
    </p>
   </div>
   <div class='ocr_carea' id='block_1_3' title="bbox 132 3580 1326 4476">
    <p class='ocr_par' dir='ltr' id='par_1_16' title="bbox 135 3580 524 3648">
     <span class='ocr_line' id='line_1_26' title="bbox 135 3580 524 3648; baseline -0.005 -13"><span class='ocrx_word' id='word_1_170' title='bbox 135 3582 251 3635; x_wconf 73' lang='lat' dir='ltr'><strong>v.142</strong></span> <span class='ocrx_word' id='word_1_171' title='bbox 269 3583 379 3634; x_wconf 83' lang='lat' dir='ltr'><strong>Persas.</strong></span> <span class='ocrx_word' id='word_1_172' title='bbox 396 3580 444 3648; x_wconf 87' lang='lat'>111,</span> <span class='ocrx_word' id='word_1_173' title='bbox 465 3582 524 3635; x_wconf 76' lang='lat'><strong>1⁰8.</strong></span> 
     </span>
    </p>

    <p class='ocr_par' dir='ltr' id='par_1_17' title="bbox 137 3671 701 3742">
     <span class='ocr_line' id='line_1_27' title="bbox 137 3671 701 3742; baseline 0.005 -18"><span class='ocrx_word' id='word_1_174' title='bbox 137 3673 173 3724; x_wconf 89' lang='lat' dir='ltr'><strong>V.</strong></span> <span class='ocrx_word' id='word_1_175' title='bbox 188 3676 248 3725; x_wconf 74' lang='lat' dir='ltr'><strong>tae.</strong></span> <span class='ocrx_word' id='word_1_176' title='bbox 267 3671 552 3726; x_wconf 80' lang='lat' dir='ltr'><strong>Memnoniseci.</strong></span> <span class='ocrx_word' id='word_1_177' title='bbox 571 3674 619 3742; x_wconf 85' lang='lat'>111,</span> <span class='ocrx_word' id='word_1_178' title='bbox 639 3677 701 3728; x_wconf 83' lang='lat'><strong>4⁰8.</strong></span> 
     </span>
    </p>

    <p class='ocr_par' dir='ltr' id='par_1_18' title="bbox 132 3763 1326 4019">
     <span class='ocr_line' id='line_1_28' title="bbox 132 3763 1321 3832; baseline -0.003 -16"><span class='ocrx_word' id='word_1_179' title='bbox 132 3765 169 3816; x_wconf 90' lang='lat' dir='ltr'><strong>V.</strong></span> <span class='ocrx_word' id='word_1_180' title='bbox 190 3767 250 3819; x_wconf 75' lang='lat' dir='ltr'><strong>iae.</strong></span> <span class='ocrx_word' id='word_1_181' title='bbox 269 3765 421 3828; x_wconf 77' lang='lat' dir='ltr'><strong>Ligures</strong></span> <span class='ocrx_word' id='word_1_182' title='bbox 437 3769 501 3815; x_wconf 73' lang='lat' dir='ltr'><strong>nunt</strong></span> <span class='ocrx_word' id='word_1_183' title='bbox 518 3768 648 3832; x_wconf 78' lang='lat' dir='ltr'><strong>Liguriae</strong></span> <span class='ocrx_word' id='word_1_184' title='bbox 670 3766 778 3832; x_wconf 80' lang='lat' dir='ltr'><strong>pupuli,</strong></span> <span class='ocrx_word' id='word_1_185' title='bbox 795 3763 841 3830; x_wconf 84' lang='lat' dir='ltr'><strong>qui</strong></span> <span class='ocrx_word' id='word_1_186' title='bbox 859 3767 997 3832; x_wconf 79' lang='lat' dir='ltr'><strong>regionem</strong></span> <span class='ocrx_word' id='word_1_187' title='bbox 1016 3765 1113 3818; x_wconf 83' lang='lat' dir='ltr'><strong>italiae</strong></span> <span class='ocrx_word' id='word_1_188' title='bbox 1130 3763 1238 3824; x_wconf 75' lang='lat' dir='ltr'><strong>alpinus</strong></span> <span class='ocrx_word' id='word_1_189' title='bbox 1261 3769 1321 3810; x_wconf 76' lang='lat' dir='ltr'><strong>na·</strong></span> 
     </span>
     <span class='ocr_line' id='line_1_29' title="bbox 273 3855 1326 3926; baseline -0.001 -21"><span class='ocrx_word' id='word_1_190' title='bbox 273 3855 387 3922; x_wconf 82' lang='lat' dir='ltr'><strong>ritimis,</strong></span> <span class='ocrx_word' id='word_1_191' title='bbox 410 3857 568 3926; x_wconf 78' lang='lat' dir='ltr'><strong>Apeuuiuo,</strong></span> <span class='ocrx_word' id='word_1_192' title='bbox 598 3859 710 3910; x_wconf 81' lang='lat' dir='ltr'><strong>Etruria</strong></span> <span class='ocrx_word' id='word_1_193' title='bbox 733 3863 762 3910; x_wconf 86' lang='lat' dir='ltr'><strong>et</strong></span> <span class='ocrx_word' id='word_1_194' title='bbox 779 3859 819 3909; x_wconf 92' lang='lat' dir='ltr'><strong>li</strong></span> <span class='ocrx_word' id='word_1_195' title='bbox 800 3861 908 3924; x_wconf 71' lang='lat' dir='ltr'><strong>„rustice</strong></span> <span class='ocrx_word' id='word_1_196' title='bbox 931 3861 1000 3912; x_wconf 87' lang='lat' dir='ltr'><strong>mari</strong></span> <span class='ocrx_word' id='word_1_197' title='bbox 1025 3855 1259 3918; x_wconf 79' lang='lat' dir='ltr'><strong>circumscriptam</strong></span> <span class='ocrx_word' id='word_1_198' title='bbox 1284 3855 1326 3904; x_wconf 81' lang='lat' dir='ltr'><strong>iu·</strong></span> 
     </span>
     <span class='ocr_line' id='line_1_30' title="bbox 277 3945 815 4019; baseline 0.011 -24"><span class='ocrx_word' id='word_1_199' title='bbox 277 3945 412 3998; x_wconf 83' lang='lat' dir='ltr'><strong>calebant.</strong></span> <span class='ocrx_word' id='word_1_200' title='bbox 429 3948 503 4001; x_wconf 73' lang='lat' dir='ltr'><strong>Flet.</strong></span> <span class='ocrx_word' id='word_1_201' title='bbox 520 3951 548 4017; x_wconf 75' lang='lat'><strong>2,</strong></span> <span class='ocrx_word' id='word_1_202' title='bbox 567 3953 593 4004; x_wconf 78' lang='lat'><strong>8.</strong></span> <span class='ocrx_word' id='word_1_203' title='bbox 611 3952 680 4004; x_wconf 85' lang='lat' dir='ltr'><strong>Plin.</strong></span> <span class='ocrx_word' id='word_1_204' title='bbox 698 3955 725 4019; x_wconf 73' lang='lat'><strong>3,</strong></span> <span class='ocrx_word' id='word_1_205' title='bbox 744 3957 771 4016; x_wconf 77' lang='lat' dir='ltr'><strong>t,</strong></span> <span class='ocrx_word' id='word_1_206' title='bbox 790 3956 815 4002; x_wconf 81' lang='grc'><strong>7.</strong></span> 
     </span>
    </p>

    <p class='ocr_par' dir='ltr' id='par_1_19' title="bbox 138 4037 546 4107">
     <span class='ocr_line' id='line_1_31' title="bbox 138 4037 546 4107; baseline 0 -15"><span class='ocrx_word' id='word_1_207' title='bbox 138 4041 173 4092; x_wconf 93' lang='lat' dir='ltr'><strong>V.</strong></span> <span class='ocrx_word' id='word_1_208' title='bbox 194 4042 254 4094; x_wconf 77' lang='lat'><strong>148.</strong></span> <span class='ocrx_word' id='word_1_209' title='bbox 273 4037 428 4101; x_wconf 82' lang='lat' dir='ltr'><strong>Elysiis.</strong></span> <span class='ocrx_word' id='word_1_210' title='bbox 447 4041 483 4107; x_wconf 86' lang='lat' dir='ltr'><strong>V,</strong></span> <span class='ocrx_word' id='word_1_211' title='bbox 502 4045 546 4094; x_wconf 73' lang='grc'><strong>60.</strong></span> 
     </span>
    </p>

    <p class='ocr_par' dir='ltr' id='par_1_20' title="bbox 137 4130 960 4292">
     <span class='ocr_line' id='line_1_32' title="bbox 137 4130 617 4207; baseline -0.002 -23"><span class='ocrx_word' id='word_1_212' title='bbox 137 4131 174 4185; x_wconf 90' lang='lat' dir='ltr'><strong>V.</strong></span> <span class='ocrx_word' id='word_1_213' title='bbox 193 4135 253 4186; x_wconf 67' lang='lat'><strong>152.</strong></span> <span class='ocrx_word' id='word_1_214' title='bbox 272 4132 322 4181; x_wconf 66' lang='lat' dir='ltr'><strong>Ed„</strong></span> <span class='ocrx_word' id='word_1_215' title='bbox 342 4130 441 4180; x_wconf 86' lang='lat' dir='ltr'><strong>Venet.</strong></span> <span class='ocrx_word' id='word_1_216' title='bbox 458 4131 545 4197; x_wconf 75' lang='lat' dir='ltr'><strong>legit:</strong></span> <span class='ocrx_word' id='word_1_217' title='bbox 608 4199 617 4207; x_wconf 16' lang='grc' dir='ltr'><em>κ</em></span> 
     </span>
     <span class='ocr_line' id='line_1_33' title="bbox 276 4221 960 4292; baseline 0.001 -21"><span class='ocrx_word' id='word_1_218' title='bbox 276 4225 361 4284; x_wconf 80' lang='lat' dir='ltr'><strong>ouem</strong></span> <span class='ocrx_word' id='word_1_219' title='bbox 379 4222 483 4285; x_wconf 77' lang='lat' dir='ltr'><strong>pariter</strong></span> <span class='ocrx_word' id='word_1_220' title='bbox 494 4237 576 4276; x_wconf 85' lang='lat' dir='ltr'><strong>curru</strong></span> <span class='ocrx_word' id='word_1_221' title='bbox 594 4226 680 4292; x_wconf 79' lang='lat' dir='ltr'><strong>Virga</strong></span> <span class='ocrx_word' id='word_1_222' title='bbox 698 4221 829 4288; x_wconf 65' lang='lat' dir='ltr'><strong>senerata</strong></span> <span class='ocrx_word' id='word_1_223' title='bbox 845 4226 960 4276; x_wconf 82' lang='lat' dir='ltr'><strong>locarat.</strong></span> 
     </span>
    </p>

    <p class='ocr_par' dir='ltr' id='par_1_21' title="bbox 135 4313 937 4476">
     <span class='ocr_line' id='line_1_34' title="bbox 135 4313 485 4370; baseline 0.003 -5"><span class='ocrx_word' id='word_1_224' title='bbox 135 4315 171 4366; x_wconf 87' lang='lat' dir='ltr'><strong>V.</strong></span> <span class='ocrx_word' id='word_1_225' title='bbox 192 4315 252 4370; x_wconf 77' lang='lat' dir='ltr'><strong>tes.</strong></span> <span class='ocrx_word' id='word_1_226' title='bbox 270 4313 342 4366; x_wconf 83' lang='lat' dir='ltr'><strong>ituit.</strong></span> <span class='ocrx_word' id='word_1_227' title='bbox 360 4313 485 4366; x_wconf 81' lang='lat' dir='ltr'><strong>venata:</strong></span> 
     </span>
     <span class='ocr_line' id='line_1_35' title="bbox 275 4406 937 4476; baseline -0.006 -18"><span class='ocrx_word' id='word_1_228' title='bbox 275 4408 311 4464; x_wconf 77' lang='lat' dir='ltr'><strong>itt</strong></span> <span class='ocrx_word' id='word_1_229' title='bbox 329 4406 501 4460; x_wconf 69' lang='lat' dir='ltr'><strong>circumlinis</strong></span> <span class='ocrx_word' id='word_1_230' title='bbox 519 4408 623 4474; x_wconf 70' lang='lat' dir='ltr'><strong>stagnis</strong></span> <span class='ocrx_word' id='word_1_231' title='bbox 641 4408 736 4476; x_wconf 73' lang='lat' dir='ltr'><strong>gravis</strong></span> <span class='ocrx_word' id='word_1_232' title='bbox 753 4409 862 4462; x_wconf 72' lang='lat' dir='ltr'><strong>meabat</strong></span> <span class='ocrx_word' id='word_1_233' title='bbox 880 4410 937 4458; x_wconf 82' lang='lat' dir='ltr'><strong>aer.</strong></span> 
     </span>
    </p>
   </div>
   <div class='ocr_carea' id='block_1_4' title="bbox 0 0 1484 4908">
    <p class='ocr_par' dir='ltr' id='par_1_22' title="bbox 0 0 1484 4908">
     <span class='ocr_line' id='line_1_36' title="bbox 0 0 1484 4908; baseline 0 9"><span class='ocrx_word' id='word_1_234' title='bbox 0 0 1484 4908; x_wconf 95' lang='lat' dir='ltr'><strong> </strong></span> 
     </span>
    </p>
   </div>
  </div>
 </body>
</html>
