2960 4908
134 236 205 304 128
548 219 790 292 LIBER
837 220 917 293 Vll.

130 353 205 492 lili
223 357 339 489 dabitl
349 413 455 488 vobis
479 416 641 514 magIcas
667 415 817 490 eludere
842 413 1004 506 fraudes,
1103 445 1106 452 ’
1248 431 1319 500 165

130 538 311 627 Isacidae,
333 535 396 608 ille
419 537 538 607 Deum
561 536 756 608 mentitum·
779 538 921 610 arcebit
945 535 1088 613 idumet
1134 571 1136 578 ’

130 662 198 734 His
221 659 332 761 igitur
356 657 463 730 dictis
488 657 691 730 horrebant
714 657 877 756 undique
904 674 1079 756 agrestes.

130 782 228 853 Hinc
255 781 476 852 Samaraeae
502 779 635 852 excisat
648 778 768 851 omnis
794 780 1016 852 commercia
1040 776 1173 876 gentis,

132 901 250 1003 Inque
276 900 354 972 dies
379 901 496 999 magis
523 891 646 998 atque
659 900 776 996 magis
800 898 907 999 plebs
932 899 1062 971 territa
1081 897 1271 986 monstris,

130 1023 374 1118 Nazareoque
400 1046 511 1120 super
534 1024 653 1092 Puero
676 1044 780 1092 mens
806 1018 976 1092 omnibus
1003 1043 1154 1118 anceps.
1215 1083 1217 1088 ,
1250 1035 1322 1102 170

133 1141 314 1216 Omnibus
337 1142 378 1214 in
401 1141 494 1214 votis
519 1140 681 1238 aliquam
707 1139 943 1213 exalbescere
968 1137 1090 1210 lucem

130 1263 163 1332 E
189 1260 308 1351 coelo,
334 1278 445 1361 atque
469 1261 542 1334 alte
567 1261 742 1360 injectam
765 1285 955 1332 rarescere
975 1277 1162 1352 ¹noctem.¹

131 1381 202 1470 Da,
227 1384 349 1471 Pater,
369 1383 579 1480 augurium,
607 1381 671 1479 qui
690 1380 858 1479 praevius
882 1383 968 1480 igne
995 1380 1188 1455 columnae

130 1499 296 1582 Isaeides
321 1500 508 1598 quondam
534 1501 683 1574 deserta
705 1526 774 1601 per
799 1503 879 1575 avia
906 1501 1023 1574 duxti:

133 1621 279 1719 Quique
304 1620 394 1692 olim
417 1622 591 1720 precibus
616 1621 732 1694 rictus
753 1617 966 1694 sitientibus
989 1621 1137 1695 undam*
1251 1635 1321 1701 175

131 1739 307 1813 Cautibus
334 1765 354 1810 e
381 1740 493 1830 duris,
518 1741 616 1814 dona
641 1742 841 1840 insperata,
868 1743 1022 1815 dedisti:

131 1865 191 1934 Da
215 1860 326 1942 finem
352 1861 464 1950 euris,
490 1876 600 1958 atque
626 1878 745 1932 atram
771 1859 900 1960 disjice
926 1861 1075 1933 nubem.
1106 1869 1110 1876 '

131 1980 286 2054 Talibus
308 1998 457 2052 orantes
483 1978 690 2052 onerabant
714 1979 838 2052 sidera
861 1982 967 2058 votis.

232 2099 323 2174 Cum
346 2091 498 2173 taudem
521 2101 641 2175 tenuis
664 2101 894 2201 resplenduit
916 2103 1065 2174 aethere
1090 2099 1227 2200 fulgor,

130 2226 248 2322 Inque
274 2223 363 2296 atris
388 2221 491 2294 fulsit
515 2244 601 2319 spes
624 2221 824 2322 improvisa
837 2221 1000 2294 tenebris
1007 2249 1020 2316 3
1252 2236 1319 2304 180

132 2343 242 2444 Spes,
267 2343 433 2440 inquam,
459 2365 570 2438 quam
595 2339 692 2413 forte
716 2341 800 2413 tulit
820 2342 1017 2440 peregrina
1041 2341 1167 2441 puella

131 2463 335 2536 Historiam
354 2478 513 2536 veterem
540 2485 708 2535 narrans.
758 2464 853 2532 Rem
875 2461 992 2534 fusius
1018 2487 1166 2534 omnem

130 2585 251 2658 Altius
277 2583 405 2677 ordiri,
431 2580 638 2680 seriemque
665 2579 712 2654 ab
738 2580 880 2678 origine
904 2598 1081 2681 praestat,

132 2707 183 2778 Et
204 2704 317 2793 varia,
341 2721 383 2773 ut
401 2727 565 2801 possum,
590 2703 812 2774 intertexere
837 2703 993 2774 stamina
1017 2703 1128 2775 telae.

231 2825 329 2896 Nam
341 2821 457 2894 semel
469 2820 633 2892 hibernis
652 2820 896 2894 circumfusae
912 2821 1059 2919 ignibus
1075 2823 1210 2896 Esther
1252 2841 1325 2907 185

132 2946 257 3044 Atque
280 2969 372 3015 uxor
395 2942 576 3016 Jonathae
611 2960 647 3016 et
667 2941 838 3016 Damaris
865 2941 1118 3040 longaevaque
1145 2945 1324 3041 Charmis,

134 3065 389 3162 Nazariaeque
415 3063 522 3158 aliae,
549 3081 716 3165 strepere
740 3062 956 3163 ingentique
982 3087 1139 3154 corona,

134 3185 197 3259 Ad
219 3185 334 3256 risum
358 3182 501 3274 faciles,
527 3211 614 3284 pars
639 3186 775 3258 vellera
801 3181 989 3280 crudaque
1007 3181 1085 3254 lina

136 3304 348 3405 Carpebant
356 3331 368 3397 3
396 3306 476 3378 eliis
501 3305 609 3376 labor
633 3304 738 3374 hirtis
764 3301 905 3374 solvere
930 3302 1074 3375 echinis

137 3426 361 3512 Castaneas;
385 3425 480 3496 aliae
504 3423 730 3522 torquebant
755 3421 912 3494 stamina
935 3420 1065 3498 fusim
1253 3435 1328 3502 190

86 3555 88 3562 '
135 3555 246 3624 Forte
272 3565 394 3620 autem
418 3543 581 3643 reliquas
606 3544 736 3618 aderat
761 3534 974 3644 spectabilis
999 3544 1097 3616 inter

133 3735 552 3754 W

137 3809 862 3908 v.1ee.1sacidae.vl1.21.laumense
913 3904 915 3910 ¹
999 3877 1003 3886 ι

137 3937 174 3990 V·
195 3939 246 3992 166
260 3939 333 3988 inter
343 3939 371 3986 et
387 3933 422 3984 V.
437 3933 489 3983 tet
504 3933 577 3983 Edit.
601 3935 700 3984 venet.
718 3936 882 3997 interponit:
937 3959 940 3969 ι

277 4030 355 4080 Hunc
374 4026 501 4088 precibus
520 4031 631 4076 servate
645 4027 716 4092 piis,
733 4029 796 4077 hiric
812 4028 865 4078 rite
881 4026 994 4078 Sabaea

279 4121 368 4171 'rhina
384 4120 462 4186 tate,
487 4120 515 4168 et
532 4118 634 4170 sanctis
647 4115 707 4184 jam
718 4133 794 4171 'nunc
807 4119 958 4171 assuescite
975 4115 1062 4168 votis,

139 4212 174 4264 v.
191 4213 245 4264 174
263 4215 291 4262 et
303 4211 338 4262 V.
356 4212 415 4262 lte.
437 4208 538 4260 confer
554 4210 639 4270 Exeo.
654 4214 698 4279 1³,
713 4214 746 4266 21
760 4227 801 4278 sq.
815 4224 877 4274 cap.
893 4212 938 4263 17«
951 4223 976 4262 o.
993 4212 1039 4274 4⁰,
1061 4208 1094 4260 36
1105 4215 1151 4270 sq}

139 4307 175 4356 V.
193 4307 252 4358 187.
269 4305 466 4365 Streperns
483 4303 502 4352 i.
520 4315 546 4366 q.
563 4307 696 4368 strepere.
