2990 4906
142 256 189 331 5⁶
308 177 312 190 ¹
560 219 905 312 ntanntn
1009 239 1014 249 ·

142 439 225 510 Heu
247 427 539 625 probrumhlsbeu
563 457 647 506 sero
672 433 877 534 quaesitum
901 451 1007 535 turpe
1032 428 1155 508 timori
1253 447 1327 523 415

141 555 384 629 Praesidium!
480 553 673 651 quisquam
697 566 881 624 tantarum
906 555 1058 628 credere
1081 581 1204 628 rerum

141 675 294 774 Perjuro
320 676 471 773 generi,
496 673 609 747 infido
633 665 817 774 totiesque
840 651 972 747 rebelli

141 799 250 870 Nunc
276 820 455 868 summam
479 791 591 868 velit?
616 794 718 866 Haec
742 792 807 865 illi.
856 796 979 868 Tanto
1004 793 1124 868 acrius
1149 795 1206 867 ira

141 918 307 992 Aestuat.
355 916 451 986 Hinc
477 931 587 1013 atque
612 915 699 986 binc
720 937 845 1003 mens,
871 932 908 988 ct
931 916 1113 987 sententia
1139 931 1327 1004 constans,

144 1036 349 1134 Obnixiqu'e
376 1034 487 1106 animi
513 1032 640 1106 studiis
667 1033 909 1106 discordibus.
959 1037 1006 1106 Et
1032 1037 1107 1132 jam
1255 1045 1327 1120 420

141 1155 334 1244 indomiti,
363 1154 570 1244 infraenes,
596 1178 667 1224 nec
689 1154 791 1253 passi
815 1153 993 1226 excedere
1019 1155 1163 1245 castris,

141 1278 223 1349 Nec
247 1275 408 1351 tolerare
432 1299 577 1364 moras,
602 1273 642 1343 in
665 1290 789 1344 mutua
811 1263 896 1345 fata
912 1275 1081 1365 ruebant,

141 1398 360 1469 Tartaream
385 1395 551 1494 aggressi
573 1393 676 1466 litem
702 1392 902 1464 decernere
928 1418 1093 1494 campo.-

142 1519 242 1588 Ecce
269 1532 389 1586 autem
414 1513 655 1612 (horrendum
677 1513 775 1602 visu,
802 1529 839 1583 et
862 1513 1029 1586 mirabile
1057 1513 1296 1612 monstruni)

142 1639 256 1725 Ecce,
278 1634 441 1733 inquam,
467 1633 627 1707 obscuro
651 1632 690 1706 in
714 1631 840 1703 nimbo
856 1633 987 1731 procul
1000 1637 1147 1708 aethere
1164 1636 1231 1710 visi
1256 1646 1326 1721 425
1395 1704 1404 1731 χ

142 1755 302 1831 Veliferi
325 1756 494 1852 ingentes
520 1751 637 1851 gauli,
664 1769 883 1848 centumque
908 1755 1076 1826 triremes

142 1875 297 1965 Aleriae,
323 1875 609 1971 innumeraeque
633 1887 750 1959 rates,
781 1869 997 1970 cimbaeque
1022 1873 1195 1964 minores,

142 1994 324 2066 Informes
351 2011 471 2066 eattae
479 2045 492 2082 ,
516 1993 644 2063 lintres
652 2043 664 2081 ,
689 1989 860 2088 piceique
884 1993 1027 2090 phaseli
1036 2021 1049 2089 3

145 2113 282 2187 Classis
309 2113 356 2186 ab
382 2114 470 2185 Eois
498 2137 592 2211 quae
617 2108 862 2183 formidabilis
887 2111 986 2186 Indis

145 2232 323 2307 Solverat.
350 2235 430 2306 Huc
447 2234 571 2322 Sinae,
598 2244 637 2303 'et
654 2232 800 2319 Bactra,
828 2230 1098 2304 etMalabarica
1117 2242 1232 2334 regna
1256 2247 1327 2319 430

143 2352 427 2423 Transtulerant
449 2354 563 2424 rictus
586 2349 727 2436 varios,
754 2364 966 2447 etspectra
989 2355 1151 2425 Deorum
1205 2345 1209 2355 ’

144 2474 351 2544 Innumera.
400 2468 468 2541 Illa
491 2470 583 2542 rotis
609 2491 650 2540 se
676 2465 830 2536 circinat
850 2478 935 2541 ae‘re
961 2474 1114 2571 maguis,
1180 2547 1182 2554 ,

143 2591 323 2663 Paulatim
349 2590 398 2661 ud
421 2607 539 2662 terras
564 2583 673 2688 spiris
696 2584 905 2684 ingentibus
929 2607 1023 2670 acta.

144 2710 240 2786 Vela
266 2708 328 2780 alii
354 2709 522 2780 antennis
547 2709 724 2806 religant,
752 2708 942 2780 carchesia
967 2735 1108 2783 summa

143 2828 361 2911 Ascendunt
386 2827 483 2906 aliia
493 2827 620 2926 fragor
634 2827 796 2926 undique
814 2830 999 2919 nauticus,
1027 2849 1136 2930 atque
1162 2833 1232 2905 hac
1258 2839 1340 2920 435'

21 2969 23 2978 “
97 2978 113 3038 ’,
142 2956 265 3052 Atque
291 2950 379 3022 illae
403 2973 472 3048 per
495 2964 657 3021 transtra
681 2948 778 3020 ultro
804 2950 970 3047 citroque
997 2951 1183 3023 celeustae

151 3072 261 3145 Nuda
285 3071 325 3148 in
349 3087 455 3167 terga
480 3081 614 3144 sonant
639 3069 799 3142 scuticis.
847 3071 889 3139 ln
915 3070 1098 3171 puppibus
1125 3073 1207 3149 altis

147 3383 183 3438 V.
202 3387 254 3438 411
272 3383 376 3435 41416.
395 3383 448 3432 Pru
466 3382 508 3433 his
524 3394 612 3433 versa.
631 3383 702 3436 Edit.
721 3383 818 3438 venet.
836 3387 922 3455 legit:

288 3475 358 3525 Proh
370 3471 477 3525 scelus!
496 3475 531 3525 Et
543 3476 681 3540 quisquam
692 3481 828 3529 tantarum
844 3483 957 3531 eredere
974 3493 1066 3534 rerum

151 3564 186 3619 V.
205 3567 266 3620 428.
285 3563 544 3618 creterrarum
562 3580 656 3631 genus.
693 3569 762 3620 Geli.
783 3572 826 3637 1⁰,
845 3571 888 3622 tt.

147 3658 264 3714 ’1.410.
283 3656 394 3710 sinae
412 3658 504 3717 (home
523 3655 720 3726 continebitis,
739 3661 764 3710 h.
783 3661 802 3711 1.
820 3674 870 3724 pro
888 3662 985 3714 incolis
1004 3660 1121 3728 cunae,
1150 3661 1196 3725 qui
1214 3659 1328 3722 chineu-

103 3759 108 3770 ·
357 3761 403 3800 sea
420 3747 480 3802 sive
499 3748 626 3799 Sirenses
643 3753 785 3801 vocantur.

287 3843 419 3892 Bactra
436 3835 533 3900 (Balk)
549 3851 599 3902 pro
615 3841 727 3906 regiona
745 3844 890 3894 Baeuiana
908 3844 1121 3910 (arguaristan).

290 3932 512 3986 Meiacariea
534 3945 649 3998 regua
674 3933 811 3992 [timetur
838 3935 990 3989 orahuiae
1017 3937 1090 3988 intra
1111 3937 1242 4004 (langen,
1261 3946 1327 4000 quse

342 4029 403 4078 est
420 4027 588 4082 occidentem
605 4025 715 4083 versus]
732 4037 781 4087 pro
799 4025 883 4076 India.

152 4125 186 4176 v.
205 4126 265 4178 411.
283 4125 408 4180 utetur
425 4129 451 4179 ir.
468 4127 489 4178 1.
507 4131 581 4178 certe
597 4128 694 4178 larvae
712 4110 937 4196 (μορμολύκεια)
955 4132 1016 4181 stre
1035 4130 1108 4194 genii
1118 4131 1192 4182 nuti.
1211 4129 1258 4197 111,
1269 4129 1326 4180 tat.

153 4222 267 4286 14436.
287 4224 477 4280 Celeustes
504 4211 682 4306 (κελευστὴς)
717 4232 839 4286 iurator
868 4234 1014 4300 remigum,
1055 4231 1227 4294 portisculus.
1259 4230 1326 4280 Xer.

293 4318 358 4369 Oce.
380 4321 423 4387 21,
445 4323 469 4376 8,
