2990 4906
583 222 822 294 LIBER
865 223 928 297 IV.

215 421 395 496 Continuo
419 445 537 522 pagos
561 418 718 520 vulgarit
741 419 843 492 fama
865 443 935 521 pen
958 444 1108 515 omnes,

212 547 333 642 Atque
356 542 445 615 illue
469 540 605 614 multae
629 539 826 641 indigenae
850 564 983 615 venere
1007 538 1168 640 puellae,

213 664 315 762 Quae
340 660 497 735 miserae
523 660 633 734 elusis
658 662 752 736 votis
774 662 815 734 in
833 678 934 735 teoto
957 657 1142 732 redibant.

209 781 315 854 Multi
331 783 441 854 etiam
460 782 622 857 thalamo
636 782 829 885 pulchram
846 781 917 856 sibi
932 781 1085 882 jungere
1100 780 1300 881 nympham
1325 787 1395 860 235
1452 797 1455 804 “

210 903 393 1004 Optavere
417 903 548 1004 proci,
575 928 668 1004 quos
692 903 757 976 illa
782 927 894 976 exosa
916 901 1068 975 maritos

207 1026 387 1097 Aversata
412 1024 524 1124 fugit,
550 1051 704 1099 nemora
723 1025 820 1096 inter
844 1021 1002 1096 frondea
1027 1023 1137 1097 vitam

208 1149 393 1218 Exaetura
415 1145 564 1220 brevem
575 1173 587 1241 3
612 1170 773 1244 namque
797 1144 901 1217 illam
925 1142 1056 1216 funere
1081 1141 1220 1216 acerbo

207 1267 310 1339 Mors
335 1265 417 1338 tulit
440 1266 637 1366 impatiens
662 1281 805 1361 septem
828 1262 915 1363 post
937 1263 1064 1338 invida
1086 1263 1206 1335 lunas.

305 1385 490 1458 Historiae
499 1386 592 1457 haee
603 1384 730 1456 series.
765 1385 913 1456 Nomen
924 1383 1127 1484 longinqua
1139 1396 1299 1456 vetustas
1324 1387 1395 1465 240
1462 1465 1466 1472 .

207 1503 380 1604 improba
405 1504 597 1605 surripuit,
623 1528 719 1602 quae
744 1529 832 1576 saxa
855 1491 977 1603 atque.
995 1528 1085 1576 aera
1108 1491 1268 1602 maligno

206 1626 326 1696 Denta
350 1625 447 1698 terit.
497 1627 637 1732 Verum
660 1649 729 1715 ne,
754 1626 876 1726 virgo,
902 1626 1031 1726 ignota
1054 1623 1208 1724 vageris,

176 1778 180 1788 ·
203 1745 386 1843 Dictaque
412 1744 462 1818 ad
486 1744 677 1817 arbitrium
700 1744 817 1845 vulgi,
843 1763 884 1819 ut
906 1746 1020 1837 solet,
1047 1771 1115 1818 ora
1139 1763 1329 1845 pererras,

201 1865 289 1936 Non
314 1889 383 1964 ego
408 1862 591 1966 depietae
615 1863 795 1957 obseura,
821 1892 892 1939 nee
913 1866 1103 1966 perbrevis
1130 1865 1225 1938 aevi

203 1981 596 2082 Cognomentaferam.
647 1986 821 2082 Magnum
847 2000 884 2056 et
893 1983 1135 2058 memorabile
1150 2006 1287 2055 nomen
1319 1987 1389 2066 245

200 2106 288 2204 ipsa
312 2129 437 2194 suum,
463 2103 599 2200 agresti
624 2105 808 2201 quamvis,
831 2104 900 2174 tibi
926 2101 1137 2177 commodat
1160 2103 1271 2173 Anna

200 2222 332 2311 Auria,
357 2218 597 2320 Pamphyliae
623 2221 741 2318 gentis
768 2221 902 2315 decus,
928 2220 1013 2322 ipsa
1035 2222 1160 2295 vocari

200 2341 456 2443 Pamphyliam
479 2339 585 2435 sinit,
619 2356 656 2412 et
679 2341 801 2439 patrio
827 2340 1047 2440 cognomine
1072 2339 1200 2420 donat.

201 2463 350 2560 Tuque,
377 2487 492 2562 genus
518 2461 620 2539 claro
644 2447 807 2533 Heroum
832 2458 879 2534 de
904 2463 1082 2562 sanguine
1107 2460 1259 2551 ducens,

202 2581 385 2657 Silvestris
412 2581 581 2653 meritum
605 2606 652 2652 ne
674 2578 877 2681 dedignare
901 2582 1069 2684 puellae:
1207 2616 1208 2624 ¹
1316 2595 1387 2664 250

198 2703 370 2801 Namque
395 2701 456 2773 hie
482 2701 652 2800 antiquus
678 2729 759 2775 mos
786 2705 927 2777 eunctis
951 2702 1106 2794 vatibus,
1131 2729 1260 2780 aevum

197 2821 381 2896 Adversus
407 2820 656 2920 ferrugineum
678 2821 944 2897 immortalibus
971 2823 1025 2896 uti
1323 2799 1326 2809 .

197 2941 435 3030 Nominibus,
462 2941 605 3039 quoties
631 2941 744 3013 Musis
770 2942 922 3040 gentilia
947 2940 1090 3016 desunt.

197 3065 278 3135 Nee
303 3063 392 3133 mihi
409 3061 466 3132 fas
490 3057 602 3131 modo
629 3057 733 3156 (nam
755 3080 959 3161 properant
981 3055 1057 3162 jani
1071 3060 1239 3166 proxima
1263 3076 1384 3133 metae

199 3182 387 3281 Carmina)
412 3179 581 3279 longaevi
606 3202 735 3252 causas
762 3182 927 3257 evolvere
950 3186 1052 3286 juris.
1181 3193 1186 3206 “
1310 3197 1382 3266 255

156 3387 159 3396 y
196 3305 263 3377 Est
286 3302 355 3375 tibi
377 3299 557 3374 Romuleo
582 3297 622 3370 in
645 3298 762 3374 Pindo
788 3327 982 3401 germanus
1006 3307 1156 3410 Apollo,

195 3465 612 3484 ff

195 3554 231 3606 V.
244 3557 306 3612 2³4.
323 3555 396 3606 Edit.
411 3554 571 3616 venablum
586 3555 651 3604 mis
660 3565 743 3605 erae
756 3554 776 3605 l.
790 3559 890 3609 nmen.

195 3666 232 3718 V.
248 3670 308 3720 tlt.
323 3665 540 3732 Pamphylia
562 3666 639 3730 regio
657 3670 741 3720 Asiae
756 3670 869 3723 minoris
882 3675 917 3725 ml
927 3687 1004 3727 mare
1016 3677 1253 3729 mediterraneum.
1333 3681 1338 3695 “

195 3767 231 3819 V.
250 3769 310 3820 2³8.
330 3769 462 3822 Pindus
481 3754 619 3836 (Πίνδος)
643 3784 719 3822 mons
738 3774 911 3843 Thessaliae,
944 3777 974 3828 ln
993 3791 1061 3846 quo,
1088 3780 1128 3829 uti
1152 3780 1181 3830 ln
1197 3778 1333 3829 parnense
1351 3782 1380 3829 et

298 3859 446 3929 llellsone,
464 3866 561 3915 Musae
579 3865 756 3916 cossocantur.
792 3867 859 3918 Plin.
877 3879 997 3931 prooem.
1024 3872 1042 3921 4
1060 3873 1088 3919 et
1104 3870 1169 3919 ibid.
1188 3871 1216 3936 8,
1235 3871 1277 3923 lb.
1296 3871 1375 3937 Virg.

298 3951 391 4018 Eclog.
412 3955 455 4019 1⁰,
473 3956 515 4007 11.
535 3956 681 4006 Romuleus
698 3957 797 4008 Pindus
814 3958 833 4008 l.
853 3971 879 4022 q.
897 3961 978 4009 sedes
995 3961 1099 4010 liomm.
1117 3963 1268 4022 poetarum.

350 4045 543 4097 Germanus
561 4049 702 4111 Apollo.
722 4048 832 4108 (cova
849 4052 977 4100 adnotat:
993 4050 1119 4100 bened.
1137 4052 1375 4117 Pamphylia,

297 4135 326 4185 S.
345 4147 413 4186 rom.
433 4138 531 4187 eoeles.
550 4138 724 4198 cardinalis).
766 4140 989 4204 Pamphilius
1007 4143 1077 4199 (nat.
1096 4144 1176 4208 tots,
1193 4148 1272 4196 mort.
1292 4147 1374 4204 1⁷³⁰)

295 4230 379 4290 poeta
397 4231 424 4278 et
441 4233 551 4295 orator,
568 4231 788 4299 Epigrammata,
824 4233 915 4297 odas,
950 4231 1093 4286 orationes
1116 4235 1225 4300 aliaque
1252 4237 1371 4300 scripsit.

297 4318 354 4370 cfr.
373 4321 550 4373 Mandonii
566 4323 732 4377 bibliotheca
746 4337 868 4377 romana.
