2990 4906
600 257 840 325 LIBER
897 257 922 325 l.

171 451 335 548 Vespere
359 450 432 545 jam
458 475 562 522 seror
589 451 648 522 eui
674 468 917 524 conterranea
941 451 1058 552 pubes

175 569 343 642 Protinus
371 572 533 642 occurrit
558 570 792 672 clangoribus
818 571 980 670 undique
1005 571 1125 662 laetis,

171 691 444 790 Obsessumque
470 709 581 765 tenet.
634 695 736 793 Quae
761 694 860 784 sors,
888 717 983 791 quae
1008 716 1190 792 prospera
1215 693 1326 798 caeli(

167 811 232 882 Vis
243 809 377 897 tulerit,
398 837 471 910 quo
483 813 856 913 atqueunderog-antr
868 813 1228 911 centumheuproeul
1240 838 1357 886 annos

165 929 381 1020 Absentem,
407 935 551 1030 patriae
578 934 808 1032 oblitumque
835 950 1049 1033 queruntur.
1100 933 1150 1005 At
1173 932 1236 1004 ille
1313 949 1358 1017 85

165 1053 274 1122 Nunc
299 1053 379 1140 hos,
405 1079 503 1126 nnnc
529 1054 612 1127 illos
637 1073 780 1127 veteres
806 1053 1019 1154 complexus
1046 1054 1197 1144 amicos,

164 1170 318 1257 Adsum,
345 1172 474 1270 inquit,
501 1175 664 1272 Memphi
689 1175 874 1272 digressus
900 1175 1013 1273 longa
1037 1175 1178 1247 riarum

163 1294 254 1362 Post
279 1295 397 1391 spatia
406 1345 417 1380 ,
445 1310 481 1364 et
508 1294 606 1365 soles
631 1293 830 1386 terdenos3
854 1319 992 1393 rosque
1018 1294 1178 1366 salutant

165 1413 213 1480 Et
239 1411 355 1481 Maria
382 1429 418 1482 et
442 1411 577 1510 loseph
603 1427 639 1482 et
663 1413 819 1513 pulcher
843 1413 1008 1487 Jesulus:
1034 1437 1163 1485 omnes

168 1530 270 1628 Quos
296 1531 385 1629 liqui
410 1532 634 1623 incolumes,
663 1551 699 1604 et
727 1560 883 1632 quorum
910 1534 1007 1606 laeta
1031 1549 1184 1632 reporto
1307 1550 1354 1618 90

163 1650 320 1722 Nuncia.
346 1653 406 1725 Ad
431 1653 524 1724 haec
549 1653 665 1726 festus
691 1653 855 1728 sublatus
882 1655 931 1727 ad
956 1656 1108 1727 aethera
1133 1653 1286 1744 clamor,

161 1772 381 1871 Arrectique
408 1775 541 1864 animi,
567 1776 805 1875 vulgatasque
831 1775 932 1850 illico
956 1801 1104 1847 rumor:

162 1892 194 1964 Ο
222 1917 312 1990 age,
340 1893 421 1985 die,
450 1897 611 1995 hospes,
638 1897 846 1994 seriemque
873 1896 922 1968 ab
948 1896 1089 1994 origine
1116 1895 1249 1994 pande.

161 2010 259 2110 Quid
283 2013 416 2086 Pharia
439 2017 591 2114 regione
617 2017 724 2085 struit
747 2013 881 2114 pater?
919 2019 1050 2113 Ecqua
1074 2015 1228 2086 relictae

160 2130 256 2203 Cura
283 2131 444 2206 domus?
490 2136 675 2233 Quantum
699 2135 833 2204 misere
860 2133 1137 2230 expectantibus
1161 2159 1278 2230 usque
1305 2151 1350 2216 95

157 2253 289 2321 Restat
317 2250 465 2322 adhuc?
506 2255 621 2322 Fesso
649 2273 747 2318 nuno
772 2249 914 2347 parcite
923 2276 935 2342 5
961 2248 1097 2337 fusius,
1123 2249 1253 2348 inquit,

161 2369 272 2458 Cras,
301 2368 363 2440 ubi
386 2395 455 2469 per
478 2386 627 2442 noctem
653 2391 767 2466 sopor
791 2367 1046 2440 instauraverit
1071 2387 1182 2462 artus,

160 2491 301 2564 Cuncta
325 2488 539 2561 renarrabo.
592 2487 667 2560 Sed
692 2513 768 2560 non
793 2488 902 2560 turba
928 2489 1039 2573 anxia¹
1060 2508 1217 2564 matrum

159 2612 272 2680 Ferre
300 2635 459 2699 moram,
487 2608 698 2706 similesque
724 2609 846 2696 rubis,
873 2608 1082 2708 ederaeque
1105 2616 1241 2704 tenaci,
1334 2652 1339 2664 ν

156 2728 330 2802 Vestibus
351 2754 573 2829 apprensum
599 2732 691 2802 votis
716 2731 965 2830 precibusque
990 2729 1148 2828 fatigant
1277 2751 1347 2818 100

158 2847 409 2921 Circumfusae
433 2875 580 2921 omnes:
607 2851 788 2948 siquidem
814 2852 974 2922 retinere
1000 2852 1165 2924 furentes

156 2969 330 3057 Laetitia,
359 2988 395 3040 et
419 2967 566 3040 differre
594 2971 707 3041 avidis
733 2971 910 3040 libamina
934 2971 1054 3068 prima

157 3090 248 3188 Quis
273 3087 445 3187 poterat?
472 3091 627 3160 Tunitru
651 3091 793 3162 interea
817 3107 874 3162 ter
901 3089 1048 3160 caerula
1073 3092 1190 3166 nubes

155 3208 321 3281 Insonuit
345 3209 464 3280 laeto:
490 3235 573 3280 mox
600 3212 847 3309 optatissimus
872 3208 1003 3298 imber,

157 3329 277 3427 Quem
303 3327 440 3398 dudum
464 3331 584 3430 campi
610 3332 804 3421 sitiebant,
830 3357 1013 3404 murmure
1040 3331 1114 3403 leni
1272 3351 1342 3417 105

153 3447 326 3538 Labitur,
352 3449 628 3547 insequiturque
655 3469 734 3522 ator
758 3469 868 3551 rupto
896 3453 1047 3522 aethere
1071 3452 1228 3526 nimbus.

156 3567 279 3668 Ocyus
304 3571 374 3640 hac
401 3569 486 3640 illac
511 3570 659 3670 profugi
686 3589 841 3670 cogente
867 3571 1045 3670 procella,

156 3689 237 3787 Qua
261 3691 336 3779 ria,
363 3716 436 3787 qua
459 3693 614 3792 propior
639 3690 781 3782 domus,
809 3708 845 3762 et
871 3717 943 3788 qua
970 3691 1119 3764 densior
1144 3691 1267 3781 arbos,

152 3938 187 3988 V.
207 3943 250 3992 85.
269 3942 358 3991 Editio
377 3943 500 3995 Veneta:
525 3947 672 3996 Absentem
689 3947 789 4009 patria,
808 3945 957 3994 oblitumve
977 3946 1134 4006 queruntur.

151 4029 187 4081 V.
206 4033 249 4084 87.
269 4033 455 4097 Memphis,
487 4037 568 4084 sedes
585 4036 705 4100 Aegypti
723 4038 817 4100 regia,
846 4037 873 4085 in
891 4037 954 4084 loeo
973 4035 1057 4084 totius
1074 4035 1195 4095 aegypti
1213 4048 1341 4100 opportu-

263 4123 374 4172 nissime
392 4124 457 4190 rita,
474 4127 520 4176 ubi
533 4125 612 4176 Nilus
630 4129 697 4178 duas
715 4129 819 4180 divisus
831 4129 859 4180 in
876 4133 969 4189 pertas
980 4126 1076 4174 literae
1090 4125 1118 4183 Δ
1130 4131 1250 4190 speciem
1259 4147 1341 4195 prae.

265 4227 319 4274 het.
356 4226 434 4276 Diod.
455 4227 510 4275 sto.
529 4231 553 4292 1,
573 4232 606 4280 tt
624 4242 666 4292 sq.

151 4335 184 4384 v.
204 4338 247 4390 94.
266 4338 402 4390 Pharia
422 4341 583 4406 regione.
604 4342 626 4407 1,
645 4341 670 4391 2.
691 4343 733 4392 te.
