2990 4906
159 230 208 296 12
629 215 939 285 LIBERI.

158 413 273 501 „Non
299 429 375 502 cst,
403 435 513 511 quem
538 435 691 484 caecum
712 411 838 510 vulgus
863 425 969 510 putat
995 432 1099 485 esset
1122 409 1251 502 fatere,

158 531 306 620 „Altior
330 548 386 603 est
410 532 468 604 illi
494 557 605 630 quam
630 533 677 603 sit
701 531 868 606 mortalis
895 532 1018 630 origo,

158 654 317 751 „Tuque
334 653 427 724 haec
452 653 546 724 mira
571 654 677 744 siles,
704 652 772 724 sed
798 653 931 752 etipsa
949 652 1095 724 silentia
1120 677 1249 723 nosce.
1277 663 1360 734 285

157 774 281 859 „Tum
306 789 429 872 pater:
454 771 589 844 Audite
614 775 705 863 hoc,
731 774 895 872 Memphi
915 775 1016 872 quod
1039 798 1158 873 nuper
1183 773 1221 842 in
1240 774 1359 844 horto

155 895 362 993 „Contigiu
389 909 427 966 et
450 894 586 964 nostris
613 895 660 967 sit
684 911 784 966 meta
808 895 901 965 haec
922 893 1051 964 ultima
1076 893 1194 964 dictis.
1283 899 1287 906 '

156 1015 348 1104 „Venerat
373 1014 470 1085 alma
492 1039 627 1114 parens
655 1017 810 1087 Phariae
835 1000 1026 1090 molitricis
1051 1014 1090 1083 in
1117 1012 1240 1101 aedes,

156 1135 321 1224 „Hortus
347 1134 410 1206 uhi
436 1136 584 1234 exiguus
610 1135 753 1230 fuerat3
781 1134 848 1206 sed
873 1133 1012 1232 frigore
1038 1132 1202 1203 nondum

156 1257 323 1342 „Exacto
349 1280 420 1326 nec
446 1255 533 1326 dum
557 1273 666 1355 rupto
693 1281 733 1326 se
758 1254 918 1355 prodere
943 1253 1104 1353 primum
1140 1337 1143 1350 ι
1274 1264 1354 1336 290

154 1373 382 1464 „Folliculo‚
409 1401 502 1473 quos
528 1371 685 1476 fagineis
711 1375 879 1448 servabat
904 1375 942 1445 in
967 1374 1099 1463 urnis‚.

154 1492 379 1577 nArdebant
404 1493 533 1584 flores,
560 1495 775 1594 caryophila
798 1496 995 1594 pleraque,
1017 1494 1139 1592 pictae

155 1613 427 1712 „Hesperidcs,
453 1617 641 1686 nasturcia
666 1640 769 1703 sera,
793 1639 978 1712 rosaeque
1001 1613 1186 1684 Damasci.

156 1733 251 1821 „Illa
273 1750 397 1806 tamen
421 1760 538 1832 puero
559 1736 701 1834 optanti
726 1733 965 1833 decerpserat
988 1760 1118 1824 unum,

155 1853 252 1940 „cui
278 1854 416 1952 calycis
443 1853 550 1925 scissi
576 1881 595 1925 e
621 1855 715 1926 rima
732 1855 807 1952 jam
834 1853 987 1925 coccina
1012 1854 1122 1924 vestis
1275 1867 1346 1936 295

155 1973 315 2060 „Eribat
340 1974 513 2076 distincta
538 2000 662 2047 croco.
710 1974 981 2046 Pulcherrimus
1007 1972 1131 2046 infans

154 2094 232 2180 „Ut
255 2095 387 2184 tenuit,
412 2095 494 2166 risit
517 2095 686 2194 paulum3
714 2069 899 2192 (mirahile
926 2095 1026 2166 dictu
1035 2093 1064 2192 Ι)

153 2214 371 2305 „Flosculus
396 2216 478 2314 ipse
504 2217 615 2286 etiam
639 2215 739 2306 risit,
763 2241 952 2313 nexusque
978 2215 1137 2288 virentes

153 2335 313 2433 „Rupiu
341 2353 377 2405 et
403 2335 575 2432 explicuit
600 2359 681 2404 sese
694 2362 706 2425 3
724 2323 1012 2432 ‘exemplumque
1040 2351 1167 2404 secuta

154 2454 340 2542 „Caetera
364 2451 473 2522 turha
497 2452 608 2522 etiam
633 2452 742 2551 pictis
769 2469 881 2549 caput
906 2452 1032 2521 extulit
1056 2453 1170 2526 urnis.
1274 2469 1342 2536 300

153 2575 233 2660 „At
259 2598 396 2671 caepae
423 2589 604 2672 quotquot
629 2571 795 2659 fuerant,
823 2588 933 2667 atque
960 2569 1048 2641 allia
1072 2571 1112 2640 in
1136 2574 1247 2646 horto

155 2693 366 2782 „Continuo
392 2709 536 2765 traxere
561 2691 678 2780 luem,
704 2691 909 2787 morboque
935 2692 1137 2789 peremptis

154 2813 406 2903 „Successore
433 2810 494 2882 alii
518 2811 688 2901 frutices,
713 2811 856 2908 flosque
884 2835 1014 2880 aureus
1041 2811 1138 2882 inter

153 2939 388 3033 „Purpureos
414 2932 599 3031 reliqum,
626 2933 684 3005 cui
711 2957 797 3003 crux
823 2947 859 3001 et
882 2929 1003 3002 tristia
1029 2932 1213 3028 quaedam

153 3055 360 3154 „Symbola
367 3108 378 3143 ‚
404 3053 568 3124 malleoli
592 3054 630 3123 in
655 3051 775 3140 foliis,
804 3068 840 3122 et
864 3050 988 3147 virgea
1013 3050 1171 3150 flagra.“
1270 3074 1336 3141 305
1448 3072 1450 3077 '

251 3176 358 3246 Talia
382 3173 558 3245 narrabat
583 3173 723 3245 cunctis
749 3171 965 3243 mirantibus
991 3174 1147 3273 hospes:

36 3369 37 3372 ,
154 3297 234 3366 Nec
259 3293 339 3365 finis
367 3294 489 3385 fandi,
515 3313 572 3368 tot
594 3292 710 3365 millia
733 3317 889 3391 poscere
915 3319 1038 3364 rerum

152 3418 268 3486 Instat
291 3415 409 3487 adhuc
435 3414 551 3487 denso
578 3412 800 3487 circumfusa
825 3416 970 3514 agmine
997 3416 1120 3506 turba,

151 3534 406 3635 Effugiumque
432 3552 565 3609 vetant.
615 3534 742 3622 „Satis
769 3552 844 3613 est:
868 3537 1069 3634 permittite
1093 3538 1167 3634 jam
1192 3563 1302 3627 nunc,

151 3655 228 3741 „Ut
251 3682 404 3754 pagum,
432 3672 469 3726 et
486 3655 626 3755 patrios
653 3681 761 3754 agros
788 3673 897 3754 utque
922 3683 1009 3729 arva
1034 3656 1190 3727 revisam
1197 3683 1210 3750 3
1271 3675 1335 3740 510

152 3776 347 3873 „Namque
358 3775 419 3847 diu
432 3777 709 3848 hunchaustum
732 3776 816 3875 puri
840 3775 999 3846 aetheris
1028 3761 1108 3845 erul
1133 3777 1306 3851 anhelo.“

155 3893 216 3963 Sic
226 3895 288 3982 ait,
315 3914 424 3995 atque
434 3897 566 3968 iterum
584 3897 622 3968 in
630 3911 798 3997 pateram
806 3894 949 3991 reliqua
963 3894 1140 3994 amphora
1154 3923 1259 3971 versa
1270 3917 1330 3988 est,

152 4039 373 4054 *m

153 4103 187 4151 V.
206 4105 266 4156 288.
285 4105 445 4154 Pharius.
469 4105 491 4170 1,
512 4107 537 4154 2.

153 4205 186 4253 v.
206 4206 267 4256 292.
283 4205 355 4254 Edit.
381 4207 480 4256 Venet.
511 4217 560 4269 pro
584 4210 799 4272 caryophila
830 4191 1072 4281 (καρυόφνλλα)
1100 4213 1244 4264 emendam
1268 4207 1328 4272 tegit

293 4296 496 4346 colocasia.
