2990 4906
139 269 186 337 25
569 251 898 322 LIBERll.

138 449 315 526 Convehit
339 463 551 541 autumnum
574 447 748 548 plaustris
774 445 996 546 ingentibus.
1045 451 1094 519 Et
1117 449 1192 547 jam

136 572 223 645 Plus
247 569 390 660 medio,
414 586 455 641 ut
478 567 594 660 solet,
619 568 765 642 octobri
789 567 973 642 vindemie
996 565 1114 641 ferme

136 695 275 765 Exacta
299 691 338 763 in
364 690 505 790 campis
529 689 669 769 fueratt
693 687 860 762 restabat
885 689 1030 788 apricus

137 812 292 884 Auariae
319 810 443 901 collis,
471 837 546 910 quo
570 835 612 884 se
637 835 727 910 gens
752 809 891 882 rustica
916 807 1066 881 llrochis

136 933 260 1032 Atque
279 930 384 1003 uncis
408 931 543 1003 tulerat
568 931 707 1022 cultris,
734 929 976 1028 confertaque
1001 929 1141 1028 passim
1256 946 1324 1013 105

137 1039 286 1125 Vimina
311 1068 417 1123 erant
440 1051 554 1151 nigris
580 1052 678 1128 urist
704 1068 811 1122 sonat
836 1050 955 1122 omnis
981 1051 1118 1148 agresti

137 1171 296 1244 Laetitia
321 1187 358 1242 et
383 1187 494 1244 cantu
519 1157 645 1246 cliuus.
696 1171 786 1244 Cum
809 1195 944 1246 raucus
970 1186 1094 1243 arator

137 1291 295 1365 Auditus
318 1292 450 1391 procul
476 1283 509 1365 e
525 1291 636 1364 sulcis
661 1275 854 1364 intendere
880 1315 1008 1364 vocem

135 1414 338 1512 Ingentem,
366 1429 402 1484 et
426 1429 633 1486 monstrare
658 1440 769 1487 manu
785 1410 960 1514 quiddam
978 1411 1138 1487 eminuas
1163 1412 1262 1482 Heus
1281 1419 1326 1488 o!

137 1533 229 1622 Vos,
255 1532 387 1632 inquit,
412 1533 552 1604 Mariae
568 1533 741 1606 redeunti
761 1534 944 1606 occurrite
951 1561 964 1629 3
991 1557 1153 1631 namque
1168 1531 1229 1604 hic
1255 1547 1328 1612 110

136 1655 212 1724 Bos
237 1676 353 1724 cornu
377 1653 481 1752 petit,
508 1670 545 1725 et
571 1679 718 1753 nequeo
745 1653 950 1729 discedere.
1002 1652 1079 1724 Sed
1102 1679 1171 1727 vox

139 1775 234 1845 Tam
257 1772 389 1872 procul
415 1771 533 1844 audiri
557 1773 656 1844 haud
680 1790 846 1873 poterat,
870 1773 1084 1872 'frustraque
1108 1797 1177 1873 per
1203 1795 1312 1843 auras

138 1894 244 1991 Itque
267 1892 438 1991 reditque
462 1890 561 1964 idem
585 1919 725 1966 venoso
751 1919 771 1965 e
796 1910 939 1993 gutture
966 1893 1119 1968 clamor.

139 2014 189 2084 At
211 2013 424 2086 Jeriehunta
450 2038 600 2087 emensa
623 2013 740 2087 oculis
760 2014 834 2086 late
859 2013 1026 2112 undique
1052 2037 1218 2112 campos,

138 2133 261 2231 Atque
287 2158 419 2207 arcens
444 2134 612 2207 manibus
636 2133 825 2234 phoebe'r’a’
847 2134 990 2234 spicula
1013 2134 1192 2232 utrisque,
1257 2146 1327 2211 115

138 2255 209 2323 Per
236 2253 368 2326 callem
393 2252 560 2352 exiguum
584 2255 642 2327 rix
666 2253 780 2326 multo
806 2254 844 2324 in
870 2254 1007 2326 lumine
1030 2253 1119 2326 solis

139 2372 298 2468 Agnovit
314 2373 491 2462 reduces,
516 2374 732 2470 intentoque
757 2372 883 2444 indice
908 2375 1023 2446 matri-

140 2492 356 2566 Monstrerit
380 2490 558 2583 Zebidae,
583 2492 813 2562 haecMiriae
824 2507 934 2589 etque
946 2492 1109 2591 Orphae,
1127 2490 1328 2590 Orphaque
1404 2497 1411 2506 '

761 2611 885 2700 Osiee,
1009 2627 1012 2634 '

141 2732 264 2830 Atque
284 2733 345 2805 hic
369 2733 571 2820 Romeliae‚
597 2732 690 2803 haec
710 2732 801 2802 Liae
826 2729 911 2828 (sed
935 2746 1156 2801 nontamen
1179 2725 1281 2798 illam

144 2851 303 2924 Credere
327 2852 403 2927 vult
424 2849 655 2949 Jonuthas)z.
664 2849 756 2938 „illa
781 2868 848 2941 est,
874 2848 951 2939 illa,
976 2848 1096 2946 inquit
1119 2848 1232 2936 Elisa,
1257 2859 1329 2926 120

144 2973 263 3072 Quam
287 2990 323 3044 te
350 2999 419 3074 ego
432 2988 667 3076 praesentem
682 2970 830 3044 videon
852 2968 1126 3068 „Quopignore
1153 2965 1330 3040 certas?“

141 3096 252 3200 „Quo
277 3113 317 3167 tu
337 3120 482 3193 cunque
506 3093 643 3168 relis:“
668 3090 910 3190 signabatque
935 3089 1058 3161 indice
1084 3107 1206 3180 certe,

141 3217 222 3288 Nec
247 3217 321 3313 jem
346 3241 473 3287 amens
498 3215 621 3286 animo
644 3227 810 3310 poterat,
836 3235 906 3282 nec
932 3208 1027 3280 colle
1052 3210 1182 3282 teneri.

142 3338 288 3412 Interea
313 3335 510 3414 observant
531 3332 616 3420 alii,
644 3355 717 3428 qua
737 3329 850 3403 Silvia
873 3347 1072 3425 monstrat,

145 3456 257 3540 Silvia
282 3457 472 3546 Idumaeas
497 3454 593 3528 inter
617 3449 864 3550 pulcherrima
884 3455 1083 3554 nymphas,
1257 3464 1327 3531 125

143 3579 369 3677 intentisque
395 3575 511 3652 oculis
538 3591 575 3659 et
597 3571 728 3650 hiulcis
756 3573 881 3654 orihus
908 3574 1064 3647 adstant.

146 3847 251 3915 Y.104.
269 3846 389 3896 Brochus
407 3851 536 3904 agraeos
552 3821 666 3907 696on
684 3841 873 3908 retinaculum,
892 3854 945 3906 quo
953 3837 1166 3891 vindemiatores
1174 3837 1328 3899 utebantur,

249 3938 385 4003 stgnifieat
402 3932 485 3984 etism
503 3943 555 3982 vas
571 3933 715 3986 vinarium.
750 3934 823 3985 Edit.
836 3934 935 3984 venet.
952 3932 1098 3984 emendans
1109 3931 1178 3996 legit
1191 3930 1327 3980 bennis.

146 4051 249 4116 ¹ltili.
263 4051 281 4100 J
289 4049 412 4100 ericho
428 4047 455 4097 in
471 4045 544 4096 tritu
565 4043 709 4112 Benjamin
722 4049 793 4100 inter
814 4047 1035 4109 Hierosolymam
1051 4049 1080 4096 st
1096 4045 1244 4128 Jordanem
1264 4046 1329 4096 urbs

249 4153 399 4221 patmerum
417 4131 516 4213 (πόλις
530 4137 677 4218 φοινίκων)
696 4147 876 4215 dictumest.
895 4153 939 4216 ³4,
955 4151 1001 4214 s),
1024 4159 1092 4214 agro
1111 4151 1254 4202 aeneum
1272 4149 1328 4198 ter·

251 4245 293 4296 uu
312 4244 457 4309 gaudebat.
491 4245 589 4296 strum
601 4244 650 4294 tu.
668 4245 711 4296 te.
728 4242 839 4293 rma.
854 4241 889 4293 n.
907 4243 997 4308 s,.14.

146 4358 249 4412 vett.
265 4359 459 4409 Idumaeas.
479 4357 523 4408 cf.
542 4357 589 4409 ttt.
610 4355 633 4423 1,
648 4357 691 4407 st.
