2960 4908
124 173 170 244 aa
326 153 329 158 ·
553 105 889 232 atan‘uv.

102 351 330 444 'Ardeolae,
354 351 490 436 virides
513 352 608 453 pici,
634 353 820 455 cinolique
845 337 1024 455 loquaces

124 473 186 549 Ad
209 490 338 548 nutum
361 473 529 550 veniuntt
554 474 776 574 mirantique
802 474 945 556 addidit
967 473 1070 566 Ales,
1245 487 1327 560 215

122 595 199 695 ipsi
221 595 333 668 etiarn
358 593 538 670 accedent
562 593 749 685 mites,‚si
776 593 949 695 jusseris,
973 594 1065 685 ursi,

120 717 204 803 Neo
228 731 386 787 renuent
415 713 547 814 tigres:
572 715 675 790 nulla
698 717 756 792 bis
782 715 865 794 fera
887 712 999 795 noxia
1021 712 1134 792 siluis.

122 837 285 909 Ventum
310 849 368 906 est
391 832 509 933 Elysii
533 834 573 908 in
597 837 789 937 pomaria,
814 832 917 910 dives
939 833 1004 906 ubi
1027 833 1092 908 illa

124 954 300 1028 Cladibus
324 955 397 1026 ban
419 972 570 1030 nostrae
593 956 714 1056 gentis
739 953 989 1030 memorabilis
1014 954 1145 1028 arboca
1240 981 1242 990 ’

124 1080 312 1174 Pomaque
338 1097 492 1156 cernere
517 1094 597 1149 erat
621 1075 771 1152 summis
795 1074 925 1154 fatalia
949 1075 1062 1148 ramis
1094 1153 1095 1158 ,
1241 1087 1318 1156 220

122 1193 287 1290 Eeqdula
311 1190 452 1288 adbuc,
476 1196 616 1270 rotaria
636 1197 863 1272 monimenta
885 1196 1064 1300 perennia
1089 1220 1219 1274 noxae.

124 1317 210 1406 His,
236 1314 289 1387 ait
313 1315 461 1416 auriga,
487 1316 658 1392 infaustis
683 1316 753 1390 sub
778 1315 972 1390 frondibus
999 1333 1121 1391 actum
1209 1394 1214 1400 ,

121 1437 179 1508 De
203 1460 328 1508 rerum
352 1461 512 1528 summa,
537 1437 637 1536 jacta
662 1437 765 1528 alea,
789 1435 1010 1538 perditaque
1035 1436 1171 1544 omnia,
1254 1487 1256 1494 -
1326 1441 1330 1448 '

121 1562 208 1660 Ipsa
230 1557 355 1632 locum
380 1557 551 1631 immunis
578 1555 710 1658 culpae
736 1557 998 1658 circumspice,
1022 1557 1126 1638 Dius.
1193 1630 1195 1636 ,
1237 1579 1241 1641 ζ

121 1681 189 1751 His
214 1679 340 1750 furtim
363 1702 499 1778 repens
526 1678 676 1752 emersit
697 1676 848 1778 sepibus
873 1675 1023 1775 anguist
1241 1691 1313 1760 925

121 1802 193 1874 Hic
216 1798 312 1872 sedit
338 1794 552 1870 miseranda
574 1819 733 1897 parens:
756 1795 819 1868 hic
844 1795 1093 1890 orelocutus,

122 1921 314 2020 Multaque
338 1919 509 2019 promisit
532 1933 716 1992 veterator
741 1916 916 1994 callidus:
942 1915 1029 1990 huic
1053 1942 1095 1998 se
1134 1997 1137 2006 ,

121 2042 306 2143 implicuit
324 2058 476 2131 unaco,
500 2039 739 2141 porrexitque
763 2036 955 2140 improbus
981 2061 1118 2124 escam.
1183 2112 1186 2120 A

121 2163 205 2234 Heu
231 2161 355 2236 dolor!
381 2165 455 2238 beu
478 2161 618 2263 pietas!
644 2159 857 2234 Delirarere
882 2175 1082 2261 parentes5

119 2282 307 2356 Plectetur
330 2286 426 2356 Puer
450 2283 522 2358 iste
546 2299 642 2357 tuus.
694 2279 833 2357 Sancte
857 2280 1003 2380 Aliger,
1028 2279 1128 2366 istud
1197 2267 1200 2273 ¹
1242 2291 1315 2362 250

6 2467 8 2482 ι
122 2403 384 2502 (Duroniam)
408 2417 561 2502 poteras
585 2398 763 2488 reticere,
788 2415 852 2472 aut
875 2398 1001 2473 dicere
1026 2400 1157 2482 saltem

6 2539 7 2542 ’
121 2521 289 2625 Vocibus
314 2521 495 2622 ambiguis
506 2549 519 2618 5
545 2543 645 2593 nunc
669 2516 912 2600 irrevocabile
935 2518 1050 2594 telum
1075 2536 1142 2610 est,

6 2617 11 2712 l
120 2644 245 2742 Atque
270 2643 366 2714 baec
389 2641 504 2720 rerba
529 2641 592 2716 diu
615 2629 728 2714 tacite
754 2665 882 2714 secum
905 2639 971 2714 illa
992 2641 1166 2717 resoluat.

6 2743 8 2794 ³
123 2760 272 2836 ocant
296 2761 440 2832 interea
463 2760 593 2834 uttam
620 2759 806 2857 (marnae
832 2761 948 2861 aaut)

123 2881 337 2983 Suspioinnt
355 2879 484 2954 lunam
509 2879 697 2979 ingentem
721 2904 762 2952 se
787 2880 918 2954 tollere
944 2898 1086 2974 contra,
1241 2891 1309 2962 235

122 3002 190 3076 cui
214 3001 382 3086 maculae
406 3000 593 3092 insuetae,
618 3019 656 3074 et
681 3001 791 3080 solito
815 3003 1019 3102 turgentior
1044 3003 1166 3098 orbis,

122 3125 195 3195 Per
217 3123 352 3198 vitreas
377 3121 497 3224 qualis
523 3146 606 3196 sese
630 3122 765 3222 ingerit
790 3149 902 3196 aurea
926 3127 1057 3200 lentes.

121 3242 249 3341 Usque
275 3240 371 3314 adeo
396 3240 460 3314 illa
485 3241 586 3341 polo¹
600 3242 747 3322 sublimi
774 3245 910 3332 uertice
935 3245 975 3318 in
998 3270 1106 3322 aures

121 3362 279 3436 Accedit
299 3360 430 3456 tellus,
455 3361 706 3463 propioraque
731 3364 885 3465 suspicit
904 3382 1015 3440 astra

121 3485 292 3585 Denique
315 3507 563 3558 marmoreum
586 3501 724 3558 tectum
746 3484 903 3558 sublime
927 3486 1090 3580 refulsit,
1239 3491 1307 3572 240

123 3791 158 3840 v.
178 3793 237 3846 tlt.
266 3791 418 3848 cinctus
436 3775 554 3860 (κὶγλος,
581 3791 641 3844 itst.
669 3782 862 3864 occuramus)
896 3795 975 3863 avis,
1012 3807 1082 3860 quaa
1121 3799 1151 3846 ct
1176 3793 1312 3848 noucffls

262 3885 379 3946 (troisse
396 3885 590 3944 nucu-staua)
607 3885 715 3938 dicitnr.
752 3889 827 3940 siud.
845 3905 868 3940 s.
887 3902 916 3938 v.
935 3887 1040 3940 Aeliae·
1062 3889 1105 3955 ts,
1125 3890 1167 3941 88.

121 3976 156 4027 V.
175 3979 237 4029 tls.
257 3978 385 4040 Elysii.
405 3979 440 4040 V,
460 3983 503 4030 60.

123 4069 523 4136 v.2s4.rttan.1V,11s.
677 4054 679 4062 ’
1167 4067 1173 4121 i

124 4161 158 4210 V.
179 4163 239 4211 237.
260 4161 322 4209 Per
338 4162 477 4217 vitreas
495 4165 621 4220 lentes
638 4166 656 4216 i.
677 4179 700 4218 e.
720 4178 769 4230 per
786 4164 887 4216 vitrum
904 4162 1136 4220 translanceatus
1152 4167 1305 4221 lenticulam

208 4255 213 4265 ¹
260 4250 596 4321 vlu-eam(12iuscuglns).
