2990 4906
42 4154 49 4189 1

43 4194 51 4267 l

47 4300 54 4461 l

49 4508 56 4555 l

129 163 174 231 72
495 145 899 253 {eleuant

125 348 248 443 Atque
273 343 367 414 haec
390 366 460 417 ror
485 340 616 414 cadem
639 339 855 441 perplexum
878 337 1037 438 denique
1061 337 1211 436 nodmn,

125 469 265 537 Exacto
290 462 390 534 bello
415 479 614 562 postquam
637 460 695 532 bis
720 459 860 533 fractus
884 463 1062 550 Avernum,

126 586 271 658 Nuncia
296 582 409 658 divini
435 580 532 653 Solis
556 598 745 680 postrema
769 580 938 654 resolvet.

224 705 308 775 Et
296 729 371 804 Jam
395 726 526 801 vesper
550 719 646 791 erat,
675 700 770 774 cliro
797 726 880 774 cum
901 701 998 774 visus
1024 696 1071 769 ab
1101 695 1178 770 alto
1241 712 1321 780 305

126 828 261 897 Parvus
289 820 488 894 eremicola
512 821 561 893 ad
584 822 731 894 flurium
757 821 953 894 decurrere
979 815 1144 910 anheluS,

126 946 284 1016 Laetitia
309 921 473 1015 exultans
485 966 496 1030 3
523 944 584 1014 cui
606 943 699 1018 villis
724 943 821 1014 hirta
846 939 978 1015 cameli

126 1067 289 1162 Tergum
313 1062 421 1165 pellis
443 1047 541 1152 obit,
568 1079 652 1134 sunt
677 1062 848 1136 cruscula
868 1062 968 1135 nuda
990 1057 1209 1156 lacertique,

126 1187 174 1262 Et
199 1209 312 1282 parra
337 1185 377 1254 in
400 1183 570 1256 manibus
596 1209 683 1255 crux
704 1181 830 1280 lignea
853 1207 948 1252 nexa
962 1169 1118 1281 papyro.

126 1305 282 1401 Jamque
309 1302 439 1376 aderat
462 1329 572 1376 cursu
596 1303 811 1394 exhaustus,
844 1325 1064 1402 gressusque
1089 1315 1216 1370 tenere
1243 1311 1315 1376 510

125 1427 197 1496 Per
223 1423 378 1506 declivia
400 1425 458 1499 rix
484 1440 651 1524 poterat,
676 1422 867 1523 tenuitque
891 1438 1059 1493 ruentem

125 1544 319 1616 Parthenis
342 1545 426 1646 ipsa
448 1542 565 1634 ulnis,
590 1544 730 1642 gremio
757 1539 1021 1641 complexaque
1046 1557 1138 1618 tote.

125 1665 210 1736 Una
232 1689 360 1736 omnes
384 1664 524 1764 pariter
547 1661 701 1736 viridem
727 1661 979 1735 conscendere
1005 1660 1152 1732 collem.

125 1787 222 1855 Hinc
238 1785 381 1874 Jesum,
407 1784 494 1854 hino
509 1800 697 1871 tenerum,
721 1782 859 1880 Virgo,
885 1783 1000 1853 trahis
1018 1781 1114 1852 alma
1129 1795 1313 1881 nepotem,

128 1903 425 2003 speluncamque
451 1901 564 1975 subis.
611 1904 712 1973 Intus
740 1902 873 2010 scabra
896 1901 1041 2002 pumice
1067 1918 1178 1988 tecta,
1244 1911 1312 1978 315

11 2105 12 2108 Ἴ
125 2025 359 2122 Exiguusque
386 2039 494 2095 sonat
517 2022 634 2098 rivus:
659 2022 798 2094 circum
822 2019 972 2092 humida
992 2021 1116 2121 tophis

127 2142 225 2215 Saxa
250 2142 400 2215 madent
421 2145 545 2218 vitreis
570 2143 700 2242 guttiss
726 2167 809 2214 cras
834 2142 887 2213 ire
915 2139 1078 2213 seeundo

125 2262 328 2338 Unanimes
353 2263 517 2343 iordane
541 2280 694 2364 parant,
721 2259 855 2335 debinc
879 2289 1033 2363 vespere
1059 2263 1174 2336 colles
1277 2323 1280 2332 ⁴

107 2381 274 2453 ‘Circum
298 2383 353 2453 ire
377 2382 619 2471 umbriferos,
645 2407 788 2481 perque
813 2382 969 2454 herbida
993 2399 1101 2482 prata
1124 2382 1248 2480 vagari
1288 2467 1290 2472 ι

128 2500 346 2574 Condicunt.
372 2503 481 2574 Nunc
497 2525 646 2575 somnus
662 2499 779 2590 adest,
795 2525 905 2597 quem
921 2501 1100 2601 confraga
1115 2503 1218 2578 vallis
1245 2515 1311 2584 520

124 2619 326 2713 Conciliat,
353 2622 566 2722 passimque
593 2619 677 2692 altis
703 2619 750 2691 de
775 2620 925 2718 rupibes
950 2622 1023 2696 aeti
1154 2711 1155 2714 Ἴ

122 2742 167 2809 In
191 2766 374 2840 praeceps
400 2742 479 2815 riri.
529 2741 668 2832 Tacitis
685 2741 715 2810 it
741 2741 896 2839 Cynthia
918 2741 1013 2839 bigis

125 2861 229 2932 Picta
252 2859 356 2934 radis
380 2860 456 2932 late
481 2857 758 2958 stagnantibus:
782 2858 879 2931 illius
905 2860 989 2931 altis
1116 2851 1119 2854 ¹

127 2979 235 3052 Clara
259 2981 481 3053 interlucent
506 2995 681 3079 argentea
703 2978 842 3049 lumina
865 2979 989 3051 ramis.

223 3105 345 3203 Atque
370 3103 429 3175 his
443 3081 599 3174 ¹deliciis
624 3098 773 3199 placida
798 3098 885 3170 dum
908 3087 1019 3172 nocte
1037 3099 1218 3192 fruuntur,
1245 3115 1308 3182 525

125 3218 279 3291 Abrami
302 3221 446 3292 interea
471 3220 539 3294 sub
564 3221 674 3292 terris
700 3217 826 3290 abdita
849 3243 966 3316 regna

125 3342 291 3415 Nuneius
316 3342 500 3414 aetherius
527 3339 634 3414 coelo
662 3337 835 3438 delapsus
861 3337 998 3428 adibat,
1096 3433 1099 3438 Δ

74 3521 82 3555 ,
130 3462 289 3563 Captivis
314 3455 484 3534 Patribus
510 3461 642 3533 summi
665 3460 841 3533 mandata
865 3461 1030 3530 Parentis

59 3765 62 3770 “
131 3757 166 3822 Υ.
186 3759 246 3811 112.
266 3759 337 3810 Edit.
357 3756 479 3808 Veneta:

234 3850 376 3901 Parthenia
394 3849 454 3912 ipsa
471 3848 560 3915 ulnis,
580 3849 737 3914 gremioque
757 3847 882 3909 amplexa
899 3849 1013 3911 recepit.

129 3962 164 4014 V.
184 3963 243 4012 122.
264 3961 416 4025 Cynthia
434 3964 453 4013 1.
473 3976 498 4012 a.
518 3963 624 4028 Diana,
648 3962 735 4011 Luna.
772 3962 802 4010 ln
822 3961 944 4031 Cyntho,
964 3966 1056 4013 monte
1074 3962 1150 4029 Deli,
1170 3965 1268 4028 Apollo
1285 3969 1308 4015 et

269 4057 357 4107 Diana
374 4057 431 4106 nati
449 4056 551 4117 altique
577 4058 653 4109 sunt.
687 4056 750 4103 hinc
778 4052 957 4117 Cynthius
986 4056 1032 4106 ille
1052 4057 1218 4121 appellatus,
1248 4059 1309 4108 haec

271 4147 440 4210 (bathis.
478 4149 717 4213 Plin.4,12,22.
738 4147 804 4196 Hor.
825 4149 985 4216 011.3,28,
1006 4150 1047 4200 12.

130 4240 164 4289 V.
185 4242 248 4294 326.
266 4221 534 4304 Abditaregna
572 4238 1276 4309 0111111111.(νι11111,1ο)11111.1,19.
