2990 4906
167 255 243 356 271,
612 245 852 338 arena
900 265 961 340 tv.

191 463 287 554 „Illa
308 452 532 564 triumphato
556 462 683 537 victrix
706 461 926 536 memorabit
949 461 1096 536 Aterno

191 583 362 673 „Illatam
386 581 543 676 cladem,
571 600 609 656 et
631 583 763 664 restris
790 608 831 655 se
855 580 1025 656 Manibus
1051 578 1174 653 addet.

189 706 297 794 „Vos
320 720 445 778 tamen
469 704 624 794 interea,
651 727 809 804 quorum
834 703 880 776 de
905 703 1020 802 stirpe
1045 700 1188 802 puellus

188 827 419 923 „Prognatus
444 823 557 914 Deus,
581 824 669 896 binc
693 837 838 902 mecum
863 821 1058 912 decedere,
1083 824 1225 918 Patres,
1305 835 1388 904 360

188 939 406 1044 „Paulisper
431 944 556 1042 superi
579 942 782 1044 indulgent.
831 948 949 1017 Datur
973 968 1041 1016 ora
1065 943 1211 1041 nepotis

189 1064 392 1154 „Gcrnere,
418 1062 688 1162 colloquiisque
710 1065 794 1137 frui.
843 1067 922 1140 vos
947 1064 1044 1134 inter
1068 1087 1245 1134 amoenos
1340 1153 1343 1160 Ι

186 1186 397 1282 „Perpetuo
424 1200 598 1270 autumno
624 1185 752 1276 colles,
778 1203 995 1286 secretaque
1019 1210 1107 1256 rura

185 1300 464 1393 „Abscondam
492 1321 529 1376 et
554 1329 681 1376 coram
705 1323 916 1406 opportuno
941 1323 1108 1405 tempore
1127 1303 1302 1388 ,sistamst

185 1423 253 1496 His
279 1423 387 1496 dictis
412 1424 528 1496 festus
555 1422 719 1499 sublatus
746 1423 886 1499 clamor
911 1428 960 1501 ad
986 1453 1108 1516 auras,
1302 1433 1380 1501 365

184 1546 234 1616 Et
257 1543 365 1615 simul
390 1561 537 1618 exortus
561 1542 688 1617 fletus·
713 1572 801 1617 nam
825 1547 934 1622 turba
953 1547 1096 1637 relicta,

183 1663 301 1736 Multa
324 1689 488 1763 gemens,
514 1663 741 1765 supplexque
765 1692 895 1739 manus
920 1667 1098 1740 tendebat
1121 1679 1296 1797 utrasque

183 1778 305 1864 nivini
327 1785 447 1874 Pueri,
474 1801 585 1884 atque
610 1810 722 1857 aurae
747 1785 918 1860 coelestis
944 1811 1080 1858 amore.

182 1903 384 2005 Praecipue
410 1905 608 1997 Infantum,
635 1931 728 2006 quos
753 1907 872 2007 primo
898 1905 938 1976 in
961 1905 1086 1977 limine
1111 1908 1207 2003 vitae

181 2026 295 2125 Regis
316 2025 479 2099 Idumaei
502 2027 605 2125 jussu
627 2025 729 2100 ferus
755 2027 928 2108 hauserat
949 2024 1060 2116 ensis,
1300 2037 1371 2107 370

180 2145 339 2220 Flebant
363 2147 483 2248 exigui
506 2174 635 2221 manes
659 2146 886 2247 umbraeque
911 2146 1079 2247 pusillae,

179 2266 345 2342 Vulnera
370 2268 490 2340 adhuc
515 2268 629 2344 niveis
654 2266 814 2340 humeris
836 2265 959 2372 ,defixa
983 2282 1171 2365 gerentest

182 2386 284 2485 Quos
311 2387 553 2460 circumfusos
578 2385 750 2461 divellere
774 2385 942 2460 dulcibus
967 2387 1057 2459 Ales

179 2504 388 2597 Promissis,
413 2504 595 2604 dictisque
620 2503 732 2578 bonis
756 2505 916 2578 retinere
940 2506 1099 2579 laborat.

179 2626 352 2713 „Parcite
376 2626 587 2726 lacrymulis
612 2627 710 2698 nunc
736 2650 771 2715 o,
796 2649 880 2697 mea
905 2652 1005 2717 cura,
1034 2627 1167 2727 puellis
1297 2639 1364 2706 375

72 2767 75 2774 ·
179 2745 287 2832 „Vos
313 2770 395 2843 ego,
422 2746 593 2837 deliciae,
617 2764 655 2818 et
678 2745 836 2816 miserae
860 2746 1034 2818 Rachelis
1061 2735 1205 2821 amores

26 2945 28 2952 y
144 2925 156 2961 χ
178 2865 334 2964 „(Haud
359 2891 464 2938 mora
491 2864 620 2965 longa)
637 2866 770 2937 iterum
790 2890 906 2965 regna
918 2866 1012 2938 baec
1034 2867 1185 2966 antiqua
1204 2868 1362 2941 revisens

178 2989 249 3073 „ln
273 2984 394 3057 lucem
418 2986 598 3078 referam,
625 3003 663 3058 et
687 2985 810 3057 socios
837 2987 1064 3085 comitesque
1090 2986 1207 3062 beatis

177 3105 402 3194 „Coelicolis
428 3108 581 3198 addam,
608 3132 692 3179 cum
716 3132 756 3178 se
781 3105 1047 3206 pulcherrimus
1070 3107 1197 3182 Infans

90 3217 92 3221 ¹
177 3227 381 3314 „Nazareis
405 3228 555 3300 tandem
580 3225 775 3299 manifesto
798 3227 956 3298 Numine
978 3226 1151 3302 reddeat
1295 3242 1362 3312 380

179 3345 243 3417 Sic
269 3347 330 3418 ait.
380 3348 430 3419 At
453 3348 543 3420 laeti
567 3346 695 3447 proavi
720 3346 914 3445 sanctique
937 3366 1112 3448 parentes

177 3467 339 3566 Virginis
364 3467 520 3566 ingressi
545 3467 756 3540 latebrosae
781 3467 923 3540 viscera
945 3486 1087 3564 terrae,

21 3629 22 3636 κ
48 3663 58 3678 ,
177 3589 293 3662 Multa
317 3607 473 3690 patrum,
500 3605 536 3660 et
558 3586 688 3662 turbae
713 3590 870 3662 insontis
895 3588 1068 3661 mandata
1091 3587 1231 3678 Puello,

177 3711 349 3810 Votaque
374 3709 589 3799 commissa,
617 3727 653 3780 et
677 3712 831 3808 gemitus
856 3710 1113 3810 lacrymasque
1138 3707 1315 3799 ferentes,

176 3832 320 3905 Exuviis
345 3829 455 3905 vincti
478 3847 516 3902 et
540 3829 694 3902 manicis
720 3828 972 3930 squalentibus
997 3828 1111 3902 ibant.
1288 3845 1353 3914 385

176 4082 469 4136 V.857.Averno.
507 4081 549 4134 Cf.
568 4085 617 4152 111,
635 4084 679 4137 00.

176 4157 212 4224 ’a
232 4177 291 4227 aro.
309 4175 422 4242 nagia
439 4177 608 4227 raanan.
645 4176 702 4230 cn.
721 4176 769 4244 111,
788 4175 848 4228 too.
931 4230 942 4250 ,

176 4263 211 4315 V.
230 4267 281 4317 8⁷8
300 4265 391 4316 omisit
406 4267 456 4317 Ed.
473 4265 572 4317 Vocet.

177 4357 212 4414 V.
230 4359 290 4417 tw·
309 4357 500 4423 Rachelis,
516 4357 589 4410 filiae
607 4359 719 4410 Labant.
757 4359 799 4411 Gt.
819 4360 887 4410 Gen.
907 4361 951 4426 29,
971 4361 1081 4424 tewaqq.
1100 4361 1195 4410 Matttr.
1215 4361 1241 4425 2,
1261 4361 1302 4412 te.
