<?xml version="1.0" encoding="UTF-8"?>
<!DOCTYPE html PUBLIC "-//W3C//DTD XHTML 1.0 Transitional//EN"
    "http://www.w3.org/TR/xhtml1/DTD/xhtml1-transitional.dtd">
<html xmlns="http://www.w3.org/1999/xhtml" xml:lang="en" lang="en">
 <head>
  <title>
</title>
<meta http-equiv="Content-Type" content="text/html;charset=utf-8" />
  <meta name='ocr-system' content='tesseract 3.04.00' />
  <meta name='ocr-capabilities' content='ocr_page ocr_carea ocr_par ocr_line ocrx_word'/>
</head>
<body>
  <div class='ocr_page' id='page_1' title='image "./jesuspuerpoema00gratgoog_0110.png"; bbox 0 0 2960 4908; ppageno 0'>
   <div class='ocr_carea' id='block_1_1' title="bbox 290 1135 1178 1368">
    <p class='ocr_par' dir='ltr' id='par_1_1' title="bbox 290 1135 1178 1368">
     <span class='ocr_line' id='line_1_1' title="bbox 290 1135 1178 1368; baseline 0.002 -24"><span class='ocrx_word' id='word_1_1' title='bbox 290 1217 585 1345; x_wconf 77' lang='lat' dir='ltr'><strong>isuuu</strong></span> <span class='ocrx_word' id='word_1_2' title='bbox 637 1215 1107 1368; x_wconf 75' lang='lat' dir='ltr'><strong>coluros,</strong></span> <span class='ocrx_word' id='word_1_3' title='bbox 1176 1135 1178 1144; x_wconf 53' lang='grc'><em>’</em></span> 
     </span>
    </p>
   </div>
   <div class='ocr_carea' id='block_1_2' title="bbox 491 1621 1246 1768">
    <p class='ocr_par' dir='ltr' id='par_1_2' title="bbox 491 1621 1246 1768">
     <span class='ocr_line' id='line_1_2' title="bbox 491 1621 1246 1768; baseline 0.015 -76"><span class='ocrx_word' id='word_1_4' title='bbox 491 1621 920 1698; x_wconf 79' lang='lat' dir='ltr'><strong>ARGUMENTUM.</strong></span> <span class='ocrx_word' id='word_1_5' title='bbox 1235 1687 1246 1768; x_wconf 52' lang='grc' dir='ltr'><em>Ι</em></span> 
     </span>
    </p>
   </div>
   <div class='ocr_carea' id='block_1_3' title="bbox 63 1779 1301 2306">
    <p class='ocr_par' dir='ltr' id='par_1_3' title="bbox 97 1779 1301 2068">
     <span class='ocr_line' id='line_1_3' title="bbox 97 1779 1301 1886; baseline 0.007 -30"><span class='ocrx_word' id='word_1_6' title='bbox 97 1805 187 1886; x_wconf 29' lang='lat' dir='ltr'><strong>[Ares</strong></span> <span class='ocrx_word' id='word_1_7' title='bbox 203 1805 344 1856; x_wconf 76' lang='lat' dir='ltr'><strong>tartareos</strong></span> <span class='ocrx_word' id='word_1_8' title='bbox 360 1803 503 1872; x_wconf 72' lang='lat' dir='ltr'><strong>Virginem</strong></span> <span class='ocrx_word' id='word_1_9' title='bbox 520 1806 550 1858; x_wconf 88' lang='lat' dir='ltr'><strong>in</strong></span> <span class='ocrx_word' id='word_1_10' title='bbox 565 1807 640 1874; x_wconf 81' lang='lat' dir='ltr'><strong>velie</strong></span> <span class='ocrx_word' id='word_1_11' title='bbox 658 1821 720 1860; x_wconf 85' lang='lat' dir='ltr'><strong>cum</strong></span> <span class='ocrx_word' id='word_1_12' title='bbox 736 1779 763 1859; x_wconf 73' lang='lat' dir='ltr'><strong>(i.</strong></span> <span class='ocrx_word' id='word_1_13' title='bbox 780 1809 887 1863; x_wconf 85' lang='lat' dir='ltr'><strong>Josnne</strong></span> <span class='ocrx_word' id='word_1_14' title='bbox 904 1803 1030 1872; x_wconf 77' lang='lat' dir='ltr'><strong>Baptista</strong></span> <span class='ocrx_word' id='word_1_15' title='bbox 1045 1807 1203 1877; x_wconf 75' lang='lat' dir='ltr'><strong>observant,</strong></span> <span class='ocrx_word' id='word_1_16' title='bbox 1220 1807 1301 1878; x_wconf 78' lang='lat' dir='ltr'><strong>ioque</strong></span> 
     </span>
     <span class='ocr_line' id='line_1_4' title="bbox 145 1907 1300 1984; baseline 0.007 -26"><span class='ocrx_word' id='word_1_17' title='bbox 145 1907 174 1958; x_wconf 91' lang='lat' dir='ltr'><strong>in</strong></span> <span class='ocrx_word' id='word_1_18' title='bbox 197 1908 296 1958; x_wconf 80' lang='lat' dir='ltr'><strong>cestris</strong></span> <span class='ocrx_word' id='word_1_19' title='bbox 318 1909 464 1975; x_wconf 83' lang='lat' dir='ltr'><strong>nunciant,</strong></span> <span class='ocrx_word' id='word_1_20' title='bbox 492 1912 520 1960; x_wconf 92' lang='lat' dir='ltr'><strong>et</strong></span> <span class='ocrx_word' id='word_1_21' title='bbox 543 1908 643 1960; x_wconf 82' lang='lat' dir='ltr'><strong>tellum</strong></span> <span class='ocrx_word' id='word_1_22' title='bbox 668 1911 828 1964; x_wconf 75' lang='lat' dir='ltr'><strong>sollicitant.</strong></span> <span class='ocrx_word' id='word_1_23' title='bbox 864 1912 939 1963; x_wconf 83' lang='lat' dir='ltr'><strong>Deus</strong></span> <span class='ocrx_word' id='word_1_24' title='bbox 956 1913 1040 1962; x_wconf 82' lang='lat' dir='ltr'><strong>Potor</strong></span> <span class='ocrx_word' id='word_1_25' title='bbox 1056 1912 1162 1978; x_wconf 78' lang='lat' dir='ltr'><strong>Angelo</strong></span> <span class='ocrx_word' id='word_1_26' title='bbox 1179 1917 1300 1984; x_wconf 61' lang='lat' dir='ltr'><strong>morht,</strong></span> 
     </span>
     <span class='ocr_line' id='line_1_5' title="bbox 143 2008 1301 2068; baseline 0.009 -10"><span class='ocrx_word' id='word_1_27' title='bbox 143 2011 175 2058; x_wconf 88' lang='lat' dir='ltr'><strong>ut</strong></span> <span class='ocrx_word' id='word_1_28' title='bbox 192 2008 339 2060; x_wconf 88' lang='lat' dir='ltr'><strong>coelestem</strong></span> <span class='ocrx_word' id='word_1_29' title='bbox 355 2013 473 2061; x_wconf 85' lang='lat' dir='ltr'><strong>Puerum</strong></span> <span class='ocrx_word' id='word_1_30' title='bbox 489 2024 552 2061; x_wconf 87' lang='lat' dir='ltr'><strong>cum</strong></span> <span class='ocrx_word' id='word_1_31' title='bbox 569 2013 709 2063; x_wconf 70' lang='lat' dir='ltr'><strong>(leniti-icc</strong></span> <span class='ocrx_word' id='word_1_32' title='bbox 725 2013 755 2063; x_wconf 89' lang='lat' dir='ltr'><strong>in</strong></span> <span class='ocrx_word' id='word_1_33' title='bbox 771 2011 930 2064; x_wconf 78' lang='lat' dir='ltr'><strong>Paradisum</strong></span> <span class='ocrx_word' id='word_1_34' title='bbox 955 2013 1116 2063; x_wconf 77' lang='lat' dir='ltr'><strong>terrestrem</strong></span> <span class='ocrx_word' id='word_1_35' title='bbox 1132 2017 1301 2068; x_wconf 84' lang='lat' dir='ltr'><strong>transvehat.</strong></span> 
     </span>
    </p>

    <p class='ocr_par' dir='ltr' id='par_1_4' title="bbox 63 2111 1301 2184">
     <span class='ocr_line' id='line_1_6' title="bbox 63 2111 1301 2184; baseline 0.006 -21"><span class='ocrx_word' id='word_1_36' title='bbox 63 2173 71 2184; x_wconf 76' lang='lat'><em>,</em></span> <span class='ocrx_word' id='word_1_37' title='bbox 138 2111 255 2164; x_wconf 76' lang='lat' dir='ltr'><strong>luditis</strong></span> <span class='ocrx_word' id='word_1_38' title='bbox 277 2113 307 2163; x_wconf 87' lang='lat' dir='ltr'><strong>in</strong></span> <span class='ocrx_word' id='word_1_39' title='bbox 328 2113 431 2164; x_wconf 85' lang='lat' dir='ltr'><strong>somnis</strong></span> <span class='ocrx_word' id='word_1_40' title='bbox 448 2113 484 2163; x_wconf 84' lang='lat' dir='ltr'><strong>ab</strong></span> <span class='ocrx_word' id='word_1_41' title='bbox 502 2113 615 2176; x_wconf 77' lang='lat' dir='ltr'><strong>Angelis</strong></span> <span class='ocrx_word' id='word_1_42' title='bbox 632 2111 754 2165; x_wconf 76' lang='lat' dir='ltr'><strong>crmatm</strong></span> <span class='ocrx_word' id='word_1_43' title='bbox 770 2116 904 2165; x_wconf 80' lang='lat' dir='ltr'><strong>adversos</strong></span> <span class='ocrx_word' id='word_1_44' title='bbox 921 2115 1024 2166; x_wconf 85' lang='lat' dir='ltr'><strong>hostes.</strong></span> <span class='ocrx_word' id='word_1_45' title='bbox 1060 2113 1231 2167; x_wconf 84' lang='lat' dir='ltr'><strong>Describitur</strong></span> <span class='ocrx_word' id='word_1_46' title='bbox 1246 2118 1301 2170; x_wconf 79' lang='lat' dir='ltr'><strong>iter</strong></span> 
     </span>
    </p>

    <p class='ocr_par' dir='ltr' id='par_1_5' title="bbox 142 2203 1239 2306">
     <span class='ocr_line' id='line_1_7' title="bbox 142 2203 1239 2306; baseline 0.005 -40"><span class='ocrx_word' id='word_1_47' title='bbox 142 2217 256 2266; x_wconf 75' lang='lat' dir='ltr'><strong>atreum</strong></span> <span class='ocrx_word' id='word_1_48' title='bbox 272 2214 301 2266; x_wconf 90' lang='lat' dir='ltr'><strong>in</strong></span> <span class='ocrx_word' id='word_1_49' title='bbox 317 2217 449 2265; x_wconf 85' lang='lat' dir='ltr'><strong>terrestre</strong></span> <span class='ocrx_word' id='word_1_50' title='bbox 466 2213 593 2276; x_wconf 79' lang='lat' dir='ltr'><strong>Elysium</strong></span> <span class='ocrx_word' id='word_1_51' title='bbox 600 2246 611 2280; x_wconf 95' lang='lat'><strong>,</strong></span> <span class='ocrx_word' id='word_1_52' title='bbox 631 2216 659 2264; x_wconf 90' lang='lat' dir='ltr'><strong>et</strong></span> <span class='ocrx_word' id='word_1_53' title='bbox 676 2203 770 2264; x_wconf 79' lang='lat' dir='ltr'><strong>clades</strong></span> <span class='ocrx_word' id='word_1_54' title='bbox 787 2216 956 2268; x_wconf 86' lang='lat' dir='ltr'><strong>Daemonum</strong></span> <span class='ocrx_word' id='word_1_55' title='bbox 972 2214 1001 2306; x_wconf 56' lang='lat' dir='ltr'><strong>&#39;in</strong></span> <span class='ocrx_word' id='word_1_56' title='bbox 1017 2213 1093 2268; x_wconf 77' lang='lat' dir='ltr'><strong>salic</strong></span> <span class='ocrx_word' id='word_1_57' title='bbox 1109 2219 1239 2272; x_wconf 74' lang='lat' dir='ltr'><strong>Aesonis.</strong></span> 
     </span>
    </p>
   </div>
   <div class='ocr_carea' id='block_1_4' title="bbox 91 2419 1377 4204">
    <p class='ocr_par' dir='ltr' id='par_1_6' title="bbox 106 2419 1277 2876">
     <span class='ocr_line' id='line_1_8' title="bbox 206 2419 1217 2527; baseline 0.008 -34"><span class='ocrx_word' id='word_1_58' title='bbox 206 2424 301 2497; x_wconf 88' lang='lat' dir='ltr'><strong>Rem</strong></span> <span class='ocrx_word' id='word_1_59' title='bbox 324 2445 443 2523; x_wconf 87' lang='lat' dir='ltr'><strong>prope</strong></span> <span class='ocrx_word' id='word_1_60' title='bbox 469 2419 668 2493; x_wconf 87' lang='lat' dir='ltr'><strong>coelestem</strong></span> <span class='ocrx_word' id='word_1_61' title='bbox 692 2419 725 2492; x_wconf 91' lang='lat' dir='ltr'><strong>si</strong></span> <span class='ocrx_word' id='word_1_62' title='bbox 749 2420 808 2493; x_wconf 91' lang='lat' dir='ltr'><strong>cui</strong></span> <span class='ocrx_word' id='word_1_63' title='bbox 831 2439 1011 2524; x_wconf 86' lang='lat' dir='ltr'><strong>spectare¹</strong></span> <span class='ocrx_word' id='word_1_64' title='bbox 1027 2423 1217 2527; x_wconf 84' lang='lat' dir='ltr'><strong>voluptas,</strong></span> 
     </span>
     <span class='ocr_line' id='line_1_9' title="bbox 107 2539 1214 2644; baseline 0.007 -35"><span class='ocrx_word' id='word_1_65' title='bbox 107 2540 189 2612; x_wconf 88' lang='lat' dir='ltr'><strong>Huc</strong></span> <span class='ocrx_word' id='word_1_66' title='bbox 215 2540 316 2613; x_wconf 90' lang='lat' dir='ltr'><strong>celer</strong></span> <span class='ocrx_word' id='word_1_67' title='bbox 340 2557 581 2640; x_wconf 83' lang='lat' dir='ltr'><strong>approperet,</strong></span> <span class='ocrx_word' id='word_1_68' title='bbox 608 2539 861 2641; x_wconf 88' lang='lat' dir='ltr'><strong>Reginamque</strong></span> <span class='ocrx_word' id='word_1_69' title='bbox 888 2543 1046 2616; x_wconf 84' lang='lat' dir='ltr'><strong>aetheris</strong></span> <span class='ocrx_word' id='word_1_70' title='bbox 1070 2545 1136 2618; x_wconf 87' lang='lat' dir='ltr'><strong>illa</strong></span> <span class='ocrx_word' id='word_1_71' title='bbox 1211 2633 1214 2644; x_wconf 33' lang='lat'>¹</span> 
     </span>
     <span class='ocr_line' id='line_1_10' title="bbox 107 2657 1277 2763; baseline 0.008 -33"><span class='ocrx_word' id='word_1_72' title='bbox 107 2659 291 2733; x_wconf 84' lang='lat' dir='ltr'><strong>Florifera</strong></span> <span class='ocrx_word' id='word_1_73' title='bbox 315 2661 354 2732; x_wconf 89' lang='lat' dir='ltr'><strong>in</strong></span> <span class='ocrx_word' id='word_1_74' title='bbox 379 2661 474 2736; x_wconf 83' lang='lat' dir='ltr'><strong>valle</strong></span> <span class='ocrx_word' id='word_1_75' title='bbox 497 2661 672 2763; x_wconf 87' lang='lat' dir='ltr'><strong>aspiciat,</strong></span> <span class='ocrx_word' id='word_1_76' title='bbox 699 2687 794 2762; x_wconf 84' lang='lat' dir='ltr'><strong>quae</strong></span> <span class='ocrx_word' id='word_1_77' title='bbox 821 2662 962 2763; x_wconf 82' lang='lat' dir='ltr'><strong>colligit</strong></span> <span class='ocrx_word' id='word_1_78' title='bbox 984 2663 1133 2741; x_wconf 89' lang='lat' dir='ltr'><strong>herhas.</strong></span> <span class='ocrx_word' id='word_1_79' title='bbox 1275 2657 1277 2664; x_wconf 58' lang='grc'><em>’</em></span> 
     </span>
     <span class='ocr_line' id='line_1_11' title="bbox 106 2780 1009 2876; baseline 0.007 -26"><span class='ocrx_word' id='word_1_80' title='bbox 106 2781 186 2867; x_wconf 83' lang='grc' dir='ltr'><strong>Εη,</strong></span> <span class='ocrx_word' id='word_1_81' title='bbox 209 2780 335 2853; x_wconf 83' lang='lat' dir='ltr'><strong>niueos</strong></span> <span class='ocrx_word' id='word_1_82' title='bbox 361 2783 551 2855; x_wconf 88' lang='lat' dir='ltr'><strong>succincta</strong></span> <span class='ocrx_word' id='word_1_83' title='bbox 576 2780 677 2853; x_wconf 89' lang='lat' dir='ltr'><strong>sinus</strong></span> <span class='ocrx_word' id='word_1_84' title='bbox 701 2782 844 2854; x_wconf 89' lang='lat' dir='ltr'><strong>intenta</strong></span> <span class='ocrx_word' id='word_1_85' title='bbox 866 2782 1009 2876; x_wconf 90' lang='lat' dir='ltr'><strong>labori,</strong></span> 
     </span>
    </p>

    <p class='ocr_par' dir='ltr' id='par_1_7' title="bbox 91 2899 1377 3841">
     <span class='ocr_line' id='line_1_12' title="bbox 106 2899 1296 3003; baseline 0.007 -33"><span class='ocrx_word' id='word_1_86' title='bbox 106 2899 157 2970; x_wconf 89' lang='lat' dir='ltr'><strong>Ut</strong></span> <span class='ocrx_word' id='word_1_87' title='bbox 180 2924 264 2971; x_wconf 89' lang='lat' dir='ltr'><strong>sese</strong></span> <span class='ocrx_word' id='word_1_88' title='bbox 289 2899 445 2973; x_wconf 88' lang='lat' dir='ltr'><strong>inclinat</strong></span> <span class='ocrx_word' id='word_1_89' title='bbox 468 2901 627 3001; x_wconf 88' lang='lat' dir='ltr'><strong>passim,</strong></span> <span class='ocrx_word' id='word_1_90' title='bbox 654 2927 728 3000; x_wconf 87' lang='lat' dir='ltr'><strong>qua</strong></span> <span class='ocrx_word' id='word_1_91' title='bbox 751 2903 910 3003; x_wconf 88' lang='lat' dir='ltr'><strong>primula</strong></span> <span class='ocrx_word' id='word_1_92' title='bbox 933 2905 1032 2999; x_wconf 77' lang='lat' dir='ltr'><strong>vise,</strong></span> <span class='ocrx_word' id='word_1_93' title='bbox 1275 2915 1296 2988; x_wconf 77' lang='grc'><strong>’5</strong></span> 
     </span>
     <span class='ocr_line' id='line_1_13' title="bbox 106 3021 1223 3124; baseline 0.004 -33"><span class='ocrx_word' id='word_1_94' title='bbox 106 3022 180 3091; x_wconf 84' lang='lat' dir='ltr'><strong>Aut</strong></span> <span class='ocrx_word' id='word_1_95' title='bbox 203 3021 300 3094; x_wconf 84' lang='lat' dir='ltr'><strong>visus</strong></span> <span class='ocrx_word' id='word_1_96' title='bbox 326 3047 478 3112; x_wconf 85' lang='lat' dir='ltr'><strong>crocus,</strong></span> <span class='ocrx_word' id='word_1_97' title='bbox 504 3040 567 3095; x_wconf 87' lang='lat' dir='ltr'><strong>aut</strong></span> <span class='ocrx_word' id='word_1_98' title='bbox 591 3022 713 3120; x_wconf 90' lang='lat' dir='ltr'><strong>apium</strong></span> <span class='ocrx_word' id='word_1_99' title='bbox 723 3049 736 3115; x_wconf 81' lang='lat'>5</span> <span class='ocrx_word' id='word_1_100' title='bbox 764 3039 1003 3121; x_wconf 88' lang='lat' dir='ltr'><strong>tenerumque</strong></span> <span class='ocrx_word' id='word_1_101' title='bbox 1028 3041 1223 3124; x_wconf 88' lang='lat' dir='ltr'><strong>nepotem,</strong></span> 
     </span>
     <span class='ocr_line' id='line_1_14' title="bbox 109 3133 1222 3241; baseline 0.006 -33"><span class='ocrx_word' id='word_1_102' title='bbox 109 3139 182 3237; x_wconf 84' lang='lat' dir='ltr'><strong>Qui</strong></span> <span class='ocrx_word' id='word_1_103' title='bbox 207 3133 332 3212; x_wconf 71' lang='lat' dir='ltr'><strong>chmes</strong></span> <span class='ocrx_word' id='word_1_104' title='bbox 353 3140 575 3239; x_wconf 84' lang='lat' dir='ltr'><strong>ingreditur,</strong></span> <span class='ocrx_word' id='word_1_105' title='bbox 602 3133 755 3240; x_wconf 82' lang='lat' dir='ltr'><strong>propius</strong></span> <span class='ocrx_word' id='word_1_106' title='bbox 782 3139 1001 3241; x_wconf 81' lang='lat' dir='ltr'><strong>dignoscere</strong></span> <span class='ocrx_word' id='word_1_107' title='bbox 1027 3144 1222 3240; x_wconf 85' lang='lat' dir='ltr'><strong>anethum,</strong></span> 
     </span>
     <span class='ocr_line' id='line_1_15' title="bbox 91 3259 1202 3366; baseline 0.004 -30"><span class='ocrx_word' id='word_1_108' title='bbox 91 3263 418 3359; x_wconf 77' lang='lat' dir='ltr'><strong>‚Fragrautemque</strong></span> <span class='ocrx_word' id='word_1_109' title='bbox 443 3259 554 3333; x_wconf 89' lang='lat' dir='ltr'><strong>docet</strong></span> <span class='ocrx_word' id='word_1_110' title='bbox 577 3259 786 3359; x_wconf 81' lang='lat' dir='ltr'><strong>thymbram</strong></span> <span class='ocrx_word' id='word_1_111' title='bbox 810 3279 1059 3363; x_wconf 88' lang='lat' dir='ltr'><strong>montanaque</strong></span> <span class='ocrx_word' id='word_1_112' title='bbox 1084 3262 1202 3366; x_wconf 80' lang='lat' dir='ltr'><strong>fraga.</strong></span> 
     </span>
     <span class='ocr_line' id='line_1_16' title="bbox 106 3377 1139 3484; baseline 0.005 -31"><span class='ocrx_word' id='word_1_113' title='bbox 106 3380 231 3479; x_wconf 86' lang='lat' dir='ltr'><strong>Ooyus</strong></span> <span class='ocrx_word' id='word_1_114' title='bbox 258 3380 465 3453; x_wconf 85' lang='lat' dir='ltr'><strong>accelerate</strong></span> <span class='ocrx_word' id='word_1_115' title='bbox 490 3377 662 3478; x_wconf 89' lang='lat' dir='ltr'><strong>gradum,</strong></span> <span class='ocrx_word' id='word_1_116' title='bbox 687 3379 740 3451; x_wconf 90' lang='lat' dir='ltr'><strong>nil</strong></span> <span class='ocrx_word' id='word_1_117' title='bbox 764 3382 951 3480; x_wconf 85' lang='lat' dir='ltr'><strong>pulchrius</strong></span> <span class='ocrx_word' id='word_1_118' title='bbox 977 3410 1139 3484; x_wconf 85' lang='lat' dir='ltr'><strong>uuquam</strong></span> 
     </span>
     <span class='ocr_line' id='line_1_17' title="bbox 105 3500 1293 3592; baseline 0.01 -22"><span class='ocrx_word' id='word_1_119' title='bbox 105 3501 278 3572; x_wconf 87' lang='lat' dir='ltr'><strong>interris</strong></span> <span class='ocrx_word' id='word_1_120' title='bbox 303 3500 440 3573; x_wconf 74' lang='lat' dir='ltr'><strong>visums</strong></span> <span class='ocrx_word' id='word_1_121' title='bbox 466 3500 620 3575; x_wconf 85' lang='lat' dir='ltr'><strong>viridem</strong></span> <span class='ocrx_word' id='word_1_122' title='bbox 642 3500 741 3572; x_wconf 90' lang='lat' dir='ltr'><strong>huuc</strong></span> <span class='ocrx_word' id='word_1_123' title='bbox 766 3500 956 3576; x_wconf 85' lang='lat' dir='ltr'><strong>ascendite</strong></span> <span class='ocrx_word' id='word_1_124' title='bbox 982 3503 1116 3578; x_wconf 90' lang='lat' dir='ltr'><strong>collem</strong></span> <span class='ocrx_word' id='word_1_125' title='bbox 1126 3535 1142 3581; x_wconf 75' lang='lat' dir='ltr'><strong>s·</strong></span> <span class='ocrx_word' id='word_1_126' title='bbox 1247 3525 1293 3592; x_wconf 83' lang='lat'><strong>10</strong></span> 
     </span>
     <span class='ocr_line' id='line_1_18' title="bbox 104 3609 1377 3725; baseline 0.007 -35"><span class='ocrx_word' id='word_1_127' title='bbox 104 3623 185 3694; x_wconf 89' lang='lat' dir='ltr'><strong>Huc</strong></span> <span class='ocrx_word' id='word_1_128' title='bbox 210 3622 357 3713; x_wconf 87' lang='lat' dir='ltr'><strong>oculos,</strong></span> <span class='ocrx_word' id='word_1_129' title='bbox 384 3620 504 3694; x_wconf 89' lang='lat' dir='ltr'><strong>donec</strong></span> <span class='ocrx_word' id='word_1_130' title='bbox 529 3619 778 3722; x_wconf 77' lang='lat' dir='ltr'><strong>pulcherrime</strong></span> <span class='ocrx_word' id='word_1_131' title='bbox 804 3620 910 3694; x_wconf 89' lang='lat' dir='ltr'><strong>durat</strong></span> <span class='ocrx_word' id='word_1_132' title='bbox 933 3622 1068 3725; x_wconf 88' lang='lat' dir='ltr'><strong>imago.</strong></span> <span class='ocrx_word' id='word_1_133' title='bbox 1369 3609 1377 3618; x_wconf 8' lang='grc' dir='ltr'><strong>’Ἰ</strong></span> 
     </span>
     <span class='ocr_line' id='line_1_19' title="bbox 104 3740 1100 3841; baseline 0.008 -29"><span class='ocrx_word' id='word_1_134' title='bbox 104 3744 186 3814; x_wconf 87' lang='lat' dir='ltr'><strong>Heu</strong></span> <span class='ocrx_word' id='word_1_135' title='bbox 192 3793 206 3837; x_wconf 97' lang='lat'><strong>,</strong></span> <span class='ocrx_word' id='word_1_136' title='bbox 232 3760 398 3817; x_wconf 89' lang='lat' dir='ltr'><strong>curtam</strong></span> <span class='ocrx_word' id='word_1_137' title='bbox 423 3740 545 3814; x_wconf 90' lang='lat' dir='ltr'><strong>subito</strong></span> <span class='ocrx_word' id='word_1_138' title='bbox 571 3741 715 3841; x_wconf 89' lang='lat' dir='ltr'><strong>species</strong></span> <span class='ocrx_word' id='word_1_139' title='bbox 741 3756 818 3813; x_wconf 89' lang='lat' dir='ltr'><strong>tam</strong></span> <span class='ocrx_word' id='word_1_140' title='bbox 844 3742 905 3814; x_wconf 91' lang='lat' dir='ltr'><strong>dia</strong></span> <span class='ocrx_word' id='word_1_141' title='bbox 927 3745 1100 3820; x_wconf 83' lang='lat' dir='ltr'><strong>recessit!</strong></span> 
     </span>
    </p>

    <p class='ocr_par' dir='ltr' id='par_1_8' title="bbox 104 3859 1089 3960">
     <span class='ocr_line' id='line_1_20' title="bbox 104 3859 1089 3960; baseline 0.007 -28"><span class='ocrx_word' id='word_1_142' title='bbox 104 3864 204 3952; x_wconf 89' lang='lat' dir='ltr'><strong>Heu,</strong></span> <span class='ocrx_word' id='word_1_143' title='bbox 229 3862 367 3960; x_wconf 88' lang='lat' dir='ltr'><strong>gremio</strong></span> <span class='ocrx_word' id='word_1_144' title='bbox 394 3859 492 3933; x_wconf 90' lang='lat' dir='ltr'><strong>redit</strong></span> <span class='ocrx_word' id='word_1_145' title='bbox 517 3861 557 3931; x_wconf 91' lang='lat' dir='ltr'><strong>in</strong></span> <span class='ocrx_word' id='word_1_146' title='bbox 580 3859 787 3959; x_wconf 87' lang='lat' dir='ltr'><strong>penetralia</strong></span> <span class='ocrx_word' id='word_1_147' title='bbox 812 3861 913 3936; x_wconf 85' lang='lat' dir='ltr'><strong>dives</strong></span> <span class='ocrx_word' id='word_1_148' title='bbox 938 3867 1089 3938; x_wconf 83' lang='lat' dir='ltr'><strong>onusto!</strong></span> 
     </span>
    </p>

    <p class='ocr_par' dir='ltr' id='par_1_9' title="bbox 104 3980 1083 4082">
     <span class='ocr_line' id='line_1_21' title="bbox 104 3980 1083 4082; baseline 0.002 -28"><span class='ocrx_word' id='word_1_149' title='bbox 104 3984 201 4054; x_wconf 80' lang='lat' dir='ltr'><strong>Nam</strong></span> <span class='ocrx_word' id='word_1_150' title='bbox 224 3980 442 4081; x_wconf 86' lang='lat' dir='ltr'><strong>vespertinis</strong></span> <span class='ocrx_word' id='word_1_151' title='bbox 467 3980 544 4078; x_wconf 85' lang='lat' dir='ltr'><strong>jam</strong></span> <span class='ocrx_word' id='word_1_152' title='bbox 566 3997 694 4052; x_wconf 90' lang='lat' dir='ltr'><strong>rorant</strong></span> <span class='ocrx_word' id='word_1_153' title='bbox 719 3981 886 4079; x_wconf 90' lang='lat' dir='ltr'><strong>gramina</strong></span> <span class='ocrx_word' id='word_1_154' title='bbox 909 3983 1083 4082; x_wconf 89' lang='lat' dir='ltr'><strong>gemmis,</strong></span> 
     </span>
    </p>

    <p class='ocr_par' dir='ltr' id='par_1_10' title="bbox 105 4098 1288 4204">
     <span class='ocr_line' id='line_1_22' title="bbox 105 4098 1288 4204; baseline 0.003 -30"><span class='ocrx_word' id='word_1_155' title='bbox 105 4105 226 4203; x_wconf 85' lang='lat' dir='ltr'><strong>Atque</strong></span> <span class='ocrx_word' id='word_1_156' title='bbox 250 4098 406 4174; x_wconf 88' lang='lat' dir='ltr'><strong>humiles</strong></span> <span class='ocrx_word' id='word_1_157' title='bbox 430 4099 569 4172; x_wconf 88' lang='lat' dir='ltr'><strong>circum</strong></span> <span class='ocrx_word' id='word_1_158' title='bbox 586 4098 744 4172; x_wconf 88' lang='lat' dir='ltr'><strong>nebulae</strong></span> <span class='ocrx_word' id='word_1_159' title='bbox 759 4119 868 4201; x_wconf 89' lang='lat' dir='ltr'><strong>prata</strong></span> <span class='ocrx_word' id='word_1_160' title='bbox 881 4101 1028 4176; x_wconf 84' lang='lat' dir='ltr'><strong>humide</strong></span> <span class='ocrx_word' id='word_1_161' title='bbox 1046 4121 1216 4204; x_wconf 83' lang='lat' dir='ltr'><strong>opacant.</strong></span> <span class='ocrx_word' id='word_1_162' title='bbox 1243 4119 1288 4188; x_wconf 77' lang='lat'><strong>15</strong></span> 
     </span>
    </p>
   </div>
   <div class='ocr_carea' id='block_1_5' title="bbox 1 4339 813 4406">
    <p class='ocr_par' dir='ltr' id='par_1_11' title="bbox 1 4339 813 4406">
     <span class='ocr_line' id='line_1_23' title="bbox 1 4339 813 4406; baseline 0 -12"><span class='ocrx_word' id='word_1_163' title='bbox 1 4349 2 4362; x_wconf 63' lang='lat'>¹</span> <span class='ocrx_word' id='word_1_164' title='bbox 103 4345 137 4394; x_wconf 86' lang='lat' dir='ltr'><strong>v.</strong></span> <span class='ocrx_word' id='word_1_165' title='bbox 158 4347 200 4398; x_wconf 81' lang='lat' dir='ltr'><strong>it.</strong></span> <span class='ocrx_word' id='word_1_166' title='bbox 236 4345 307 4396; x_wconf 84' lang='lat' dir='ltr'><strong>Edit</strong></span> <span class='ocrx_word' id='word_1_167' title='bbox 326 4343 429 4398; x_wconf 77' lang='lat' dir='ltr'><strong>l&#39;enet.</strong></span> <span class='ocrx_word' id='word_1_168' title='bbox 447 4345 583 4406; x_wconf 79' lang='lat' dir='ltr'><strong>proten</strong></span> <span class='ocrx_word' id='word_1_169' title='bbox 600 4341 692 4394; x_wconf 84' lang='lat' dir='ltr'><strong>disi.</strong></span> <span class='ocrx_word' id='word_1_170' title='bbox 711 4339 813 4394; x_wconf 72' lang='lat' dir='ltr'><strong>divina</strong></span> 
     </span>
    </p>
   </div>
   <div class='ocr_carea' id='block_1_6' title="bbox 0 0 1484 4908">
    <p class='ocr_par' dir='ltr' id='par_1_12' title="bbox 0 0 1484 4908">
     <span class='ocr_line' id='line_1_24' title="bbox 0 0 1484 4908; baseline 0 2"><span class='ocrx_word' id='word_1_171' title='bbox 0 0 1484 4908; x_wconf 95' lang='lat' dir='ltr'><strong> </strong></span> 
     </span>
    </p>
   </div>
   <div class='ocr_carea' id='block_1_7' title="bbox 1475 2745 1484 4440">
    <p class='ocr_par' dir='ltr' id='par_1_13' title="bbox 1475 2745 1484 4440">
     <span class='ocr_line' id='line_1_25' title="bbox 1475 2745 1484 4440; baseline 0 0"><span class='ocrx_word' id='word_1_172' title='bbox 1475 2745 1484 4440; x_wconf 95' lang='lat' dir='ltr'><strong> </strong></span> 
     </span>
    </p>
   </div>
  </div>
 </body>
</html>
