2960 4908
166 255 238 324 με
576 190 824 308 niara
872 235 935 310 vr.

169 435 373 538 Carpathus
399 451 655 532 extremusque
685 429 793 504 Albis
817 431 1045 532 Rhenusque
1067 433 1245 511 bleomis.

165 557 339 656 Undique
366 552 571 628 c'onrenere
599 551 730 644 duces,
754 553 879 626 tremit
901 553 1021 626 exeita
1045 555 1153 630 tellus

168 677 332 750 Ferratis
347 674 534 775 plaustris.
583 673 654 746 Hic
681 699 782 765 sors,
808 675 869 750 hic
894 674 977 748 alea
1000 701 1125 748 rerum

171 797 364 899 Suprema,
390 794 452 866 hie
478 817 564 894 spes
588 797 783 896 Europae,
809 796 1043 896 collectaque
1068 796 1192 869 virtus.

169 921 251 992 Nee
275 897 401 988 morat
428 939 498 1015 per
524 913 661 989 densos
688 943 846 1008 cuneos,
871 943 940 1018 per
965 916 1120 988 fulmina
1140 913 1238 1004 valli,
1289 929 1363 996 360

166 1042 238 1112 Per
263 1052 407 1135 segetes
431 1033 524 1108 ferri
548 1036 767 1128 horrentes,
792 1039 879 1112 hine
902 1038 1059 1110 turbinis
1085 1038 1201 1108 instar

170 1157 408 1246 Sauromata,
433 1155 521 1227 hino
545 1156 729 1230 Letharus
751 1161 917 1250 Mavors,
945 1178 982 1232 et
1006 1158 1184 1250 Noricus,
1211 1154 1300 1228 inde

165 1276 253 1350 Flos
279 1275 399 1348 almae
423 1275 629 1376 Hesperiae
656 1295 767 1378 atque
800 1282 921 1353 omnis
954 1305 1044 1380 gens
1071 1277 1201 1350 accola
1225 1274 1360 1365 Rheni,

166 1396 313 1496 Quique
322 1395 478 1470 Amisirn
495 1399 757 1498 Traunumque
773 1399 905 1473 bibunt
917 1399 1151 1500 gelidumque
1162 1396 1360 1496 Visurgim,

167 1517 454 1616 Hercyniosquo
487 1518 614 1592 colunt
639 1519 774 1609 saltus,
800 1546 870 1592 cen
894 1519 1081 1594 montibus
1107 1517 1181 1590 aeti
1288 1532 1358 1599 365

166 1640 371 1710 Torrentes
393 1637 574 1738 profugos
600 1639 647 1712 de
673 1641 870 1716 moenibus
895 1639 998 1714 urbis
1024 1637 1197 1739 agebant.

170 1965 205 2017 V
225 1967 286 2020 888.
305 1963 512 2030 Carpathus
537 1965 692 2032 (carpathii
715 1975 835 2035 montes)
861 1985 912 2036 per
936 1970 1106 2037 ilungariam
1135 1969 1171 2020 ad
1197 1967 1360 2020 sarmatiam

308 2071 395 2121 usqne
412 2053 586 2120 Europaeam
602 2066 731 2124 pertinet.

309 2151 417 2211 Albis
434 2150 529 2214 OElbe]
547 2154 647 2206 fluvius
665 2157 848 2225 Germaniae,
867 2157 914 2222 qni
932 2166 1036 2209 oeeane
1048 2150 1205 2219 germanico
1221 2148 1360 2200 miscetur.

309 2243 459 2296 Rhenus
476 2245 635 2298 bicornis
653 2251 746 2316 (virg.
764 2253 833 2305 Aen.
852 2254 880 2320 e,
899 2253 965 2312 888]
972 2251 1089 2318 dieitur,
1107 2242 1359 2312 quiainpiioioatio

307 2333 338 2384 in
347 2345 480 2386 oceanum
496 2341 738 2400 septentrionalem
754 2343 851 2396 inlinit.

169 2423 205 2477 V.
225 2427 285 2481 888.
303 2425 376 2478 Edit.
394 2426 493 2479 Venet.
512 2442 562 2492 pro
573 2409 740 2486 'ferratis
757 2435 826 2502 legit
843 2434 997 2502 aerisonis,
1016 2434 1045 2483 et
1061 2442 1111 2495 pro
1128 2431 1193 2481 hue
1208 2427 1229 2478 i.
1247 2426 1302 2477 hio.

98 2544 103 2553 ι
166 2516 203 2571 V.
222 2518 440 2584 stirpandis.
460 2518 559 2572 Venet.
576 2521 663 2587 legit:
743 2571 747 2580 ,

332 2610 480 2680 Eumenia,
497 2615 550 2666 huo
568 2616 676 2668 demum
693 2617 759 2670 fatis
777 2619 896 2670 adducta
913 2615 1048 2679 supremis

330 2702 380 2753 Lis
396 2705 492 2754 Asiam
509 2705 700 2773 Europamque
716 2711 806 2779 inter,
825 2711 869 2760 oni
886 2713 986 2771 pareat
1003 2707 1086 2758 orbis.

330 2794 408 2844 Mens
427 2796 524 2845 eadem
542 2800 648 2850 cunctis
666 2803 832 2863 praedonem
850 2813 946 2852 arcere
965 2802 1107 2849 cruentum

330 2887 474 2938 Moenibus
492 2889 629 2958 obsessis,
648 2896 697 2946 aut
714 2897 808 2945 certae
828 2893 989 2944 occumbere
1007 2889 1098 2940 morti.

167 2975 203 3030 V.
222 2980 274 3033 eat
291 2991 352 3044 sqq.
371 2979 444 3032 iiiii.
463 2979 588 3036 Veneta:

991 3059 1073 3118 atque
1090 3054 1153 3105 hine

328 3142 453 3194 §mones
471 3145 500 3194 et
517 3142 621 3197 Cimbri
637 3148 720 3210 atque
738 3147 821 3198 nessi
839 3159 961 3212 gensque
978 3147 1076 3198 aocoia
1093 3144 1196 3212 Moeri,

326 3230 363 3285 Et
380 3233 458 3287 Nirri
476 3239 558 3299 atque
576 3239 664 3290 anisi
681 3242 710 3288 et
726 3237 858 3307 Vahalis,
876 3251 998 3303 quosque
1015 3239 1095 3290 alluit
1111 3236 1195 3301 liuor,

330 3325 435 3387 Quique
453 3326 561 3378 istrum.

166 3412 203 3466 V.
222 3416 282 3468 888.
302 3415 544 3470 sauromatae
561 3420 580 3472 i.
600 3432 626 3485 p.
645 3420 790 3472 sarmatae
808 3423 904 3487 gentes
921 3421 1057 3472 slavicae.

332 3508 516 3563 Lethaeus
533 3514 684 3564 Mavors
703 3515 731 3563 et
748 3513 924 3565 Noricus.
943 3513 1001 3565 Cir.
1020 3513 1069 3582 vi,
1089 3513 1150 3568 tiit.

168 3597 204 3652 V.
223 3602 284 3653 888.
303 3600 390 3651 Flos
407 3601 625 3666 Hesperiae.
645 3602 703 3655 Gir.
722 3604 771 3672 IV,
790 3609 852 3659 488.
870 3606 919 3672 Vl,
940 3606 1001 3656 888.

171 3689 207 3744 V.
226 3695 288 3746 884.
307 3691 439 3754 Amisia
458 3693 587 3759 (Amisia,
605 3693 684 3754 Erus)
701 3696 801 3748 iuvius
820 3697 985 3750 Germaniae
1004 3694 1236 3758 septentrionalis.

344 3786 516 3839 tirannus
534 3786 651 3845 (Trana)
669 3787 1043 3854 imperiiAnstriaciiinvins,
1062 3788 1108 3852 qui
1116 3787 1270 3838 Danubium
1284 3785 1361 3848 petit.

344 3877 517 3942 Visurgis
535 3875 663 3942 (Weser)
681 3881 780 3930 iiuvius
799 3883 981 3948 Germaniae,
1000 3881 1046 3943 qui
1064 3881 1232 3932 inoeeanum
1250 3890 1359 3944 germa-

309 3969 401 4022 nionrn
416 3971 511 4022 inlinit.

171 4057 206 4113 V.
226 4063 287 4115 888.
305 4062 486 4128 Hercynii
508 4063 631 4118 esitus
660 4061 678 4114 i.
698 4076 723 4112 e.
750 4068 857 4118 montes
875 4065 1053 4136 Germaniae,
1079 4065 1125 4128 qui
1141 4065 1187 4116 ‘ab
1205 4061 1363 4115 Alemannis

311 4155 385 4206 hauri
404 4153 502 4218 prorui
525 4155 655 4206 althena
671 4155 819 4223 insipiam,
849 4168 994 4219 ramosque
1020 4157 1108 4208 variis
1132 4157 1286 4208 nominibus
1313 4165 1365 4216 per

311 4245 430 4296 inediam
451 4245 626 4298 Germaniam
651 4248 807 4300 exterum
842 4247 917 4298 Mein
944 4251 971 4313 8,
997 4247 1023 4300 8.
1051 4247 1157 4301 caeam
1179 4248 1362 4314 185888.
1462 4301 1468 4334 ⁴

313 4335 399 4386 Tituli.
419 4338 452 4391 G.
471 4341 514 4392 88.
