2960 4908
137 283 208 358 1⁶4
355 334 357 342 ,
572 267 919 340 arenant.

141 471 265 569 Atque
289 464 418 540 audire
443 465 500 537 sui
524 480 627 536 certa
651 459 865 564 argumenta
888 459 1027 556 Puelli3
1110 550 1112 556 Ι
1173 442 1176 450 .

145 585 299 690 Singula
323 612 394 659 nee
418 584 519 674 finis,
544 610 642 658 nunc
667 587 762 658 haec
786 611 884 657 nunc
909 583 974 655 illa
997 583 1165 681 rogandi.

148 708 225 782 Sed
250 734 327 780 non
351 705 450 778 ferre
474 731 617 794 moram
642 707 790 783 senior:
815 710 893 778 Vos
918 705 990 798 ite,
1015 703 1202 794 monebat,

143 833 242 902 Dum
265 827 441 929 permittit
466 824 587 897 adhuc
613 825 671 897 sol
696 826 804 898 altior
829 851 909 902 axe.
961 824 1092 896 Cavete
1103 852 1115 916 3
1279 922 1282 931 Ι

148 953 244 1024 Nam
271 947 475 1052 siquando
500 973 665 1047 unquam
688 946 820 1047 rapido
848 971 889 1020 se
915 946 1056 1046 gurgite
1080 959 1230 1042 torquet
1270 953 1341 1022 230

150 1072 273 1145 Imbro
299 1069 411 1142 Gison
435 1085 620 1142 nocturno
645 1083 793 1158 auctus,
820 1069 883 1167 qui
908 1067 1057 1138 flumine
1083 1063 1264 1162 oberrans

149 1192 245 1266 Hinc
269 1211 414 1261 rursum
437 1190 641 1262 tranandus
667 1188 757 1282 erit,
784 1215 857 1260 neu
880 1188 980 1260 fidite
1005 1186 1123 1287 ponti.

149 1309 258 1388 Haud
281 1309 414 1411 procul
438 1309 487 1382 ad
508 1309 666 1383 stadium
689 1325 797 1382 tenso
822 1336 887 1382 vos
914 1307 1073 1381 cimbala
1099 1305 1187 1377 func

149 1431 398 1526 Transrehet3
423 1429 511 1502 inde
536 1429 658 1502 ferent
683 1430 771 1504 trito
795 1431 948 1528 vestigia
971 1429 1078 1506 calle.

150 1553 216 1625 His
238 1549 359 1624 laetae
385 1549 529 1624 iudiciis
554 1567 690 1622 matres
715 1551 837 1624 divina
863 1568 1039 1623 canentes
1270 1558 1341 1626 235

154 1671 320 1744 Detersis
345 1669 507 1742 lacrimis
532 1671 638 1744 ibant
646 1699 659 1766 3
685 1698 754 1744 ceu
778 1670 947 1746 roscidus
974 1680 1038 1742 aer

153 1790 245 1862 Cum
268 1788 365 1860 liber
386 1788 518 1886 pluviis
542 1789 629 1863 hinc
654 1789 772 1862 solem
795 1810 901 1891 parte
928 1816 1061 1862 serena

153 1909 343 2010 Explicat,
368 1907 455 1978 hinc
479 1906 620 2005 pictum
644 1907 759 1981 fuscis
785 1911 831 1982 de
856 1911 1015 1983 nubibus
1042 1934 1182 1984 arcum.

251 2034 452 2128 Postquam
477 2026 619 2098 animos
643 2053 731 2101 vero
757 2055 847 2101 cura
872 2031 960 2104 satis
986 2030 1048 2102 ille
1073 2031 1224 2116 levarat,

157 2150 329 2224 Protinus
354 2147 441 2219 hinc
466 2146 619 2244 geminis
645 2149 767 2220 nitens
793 2177 833 2222 se
859 2143 1004 2225 sustulit
1028 2149 1097 2222 alis
1275 2151 1347 2230 240

157 2271 365 2345 Obscurum
389 2267 430 2338 in
453 2265 575 2338 lucum
584 2263 695 2368 ,quo
720 2288 870 2342 noctem
895 2287 1066 2371 exegerat
1091 2293 1237 2341 omnem

156 2390 331 2464 Turbinis
356 2403 440 2460 acta
461 2403 561 2458 metu
584 2412 653 2491 per
675 2407 807 2488 tesqua
833 2392 979 2462 silentia
1004 2417 1121 2492 nuper

154 2509 288 2583 Infelix
311 2513 425 2609 Agar.
475 2509 664 2608 Peregrini
681 2511 847 2611 insignia
871 2511 965 2582 mira

157 2631 285 2728 Aliger
309 2630 500 2719 induerat,
527 2629 630 2728 queis
655 2631 785 2702 territa
809 2632 973 2730 nympha
997 2647 1151 2730 repente
1177 2645 1249 2704 est:

159 2751 329 2848 Namque
355 2751 528 2820 humeros
554 2749 692 2820 exomis
717 2749 796 2820 obit
819 2752 964 2821 taurina
992 2750 1140 2822 marinis
1277 2756 1347 2832 att

157 2867 302 2942 Assutis
329 2869 515 2963 cochleis,
539 2867 587 2940 ad
611 2885 758 2939 tornum
784 2868 915 2938 hastile
939 2885 1131 2966 peractum

158 2991 299 3062 Dextra
323 2989 438 3088 gerit,
464 2987 588 3060 medio
614 2988 736 3061 vincta
760 2989 1060 3086 hacretsarcina
1086 3006 1205 3086 tergo,

159 3109 287 3182 Piceni
312 3111 432 3209 qualis
458 3109 526 3182 sub
552 3108 630 3181 sole
656 3110 772 3181 viator
797 3110 835 3179 in
862 3109 958 3207 agris

158 3229 355 3328 Virgineus
381 3229 492 3302 aedes
518 3246 743 3300 transvectus
768 3228 860 3300 Itala
884 3230 922 3299 in
945 3253 1032 3302 arva

160 3347 436 3422 Pulverulcntus
462 3349 539 3422 adit
545 3377 559 3446 3
584 3348 658 3422 tali,
676 3348 743 3420 sub
769 3350 928 3446 imagine
954 3373 1036 3420 sese
1278 3355 1350 3422 250*
1443 3387 1444 3394 ¹

162 3469 304 3543 Obtulit
329 3450 368 3541 iu
392 3473 555 3570 speciem
571 3469 701 3557 ilenti,
727 3466 1151 3567 causasquc'poposcit3

159 3588 268 3674 Unde
295 3588 405 3662 domo
432 3608 636 3680 errantem,
663 3615 758 3689 quae
785 3615 888 3678 sors,
916 3588 1042 3686 quisve
1067 3585 1182 3686 egerit
1218 3581 1350 3656 error?

163 3793 199 3874 Υ.
219 3797 280 3850 2³1.
300 3794 412 3848 cison.
432 3799 467 3866 li,
488 3803 531 3852 30.

164 3885 199 3936 V.
218 3889 279 3939 843.
298 3888 368 3939 ttoit.
387 3888 477 3940 Venit.
497 3905 546 3954 pro
565 3890 696 3942 infelix
712 3891 731 3940 l.
750 3892 912 3942 errabunda.

163 3977 197 4028 V.
218 3980 278 4030 248.
298 3982 465 4032 Picenum
483 3985 611 4033 adnare
629 3985 797 4034 Adriaticum
822 3986 909 4052 regio,
930 3983 958 4032 in
976 3991 1030 4046 qua
1046 3983 1198 4032 Lauretum
1214 3973 1376 4038 (Loretto)'
1438 3969 1439 4009 i

303 4084 364 4122 cum
389 4073 513 4123 aedicula
538 4073 626 4131 (tuns
648 4078 740 4132 santa)
759 4089 782 4124 s.
801 4075 941 4141 virginis,
965 4076 1001 4125 ad
1019 4085 1100 4138 quam
1124 4072 1204 4126 uuiti
1231 4070 1358 4121 viatores-

303 4164 446 4227 rcligionis
464 4179 548 4218 carisa
567 4167 711 4229 quotannis
730 4169 901 4219 conveniunt.

160 4253 203 4303 Ὺ.
226 4255 286 4306 252.
306 4256 377 4309 Edit·
397 4257 522 4307 Veneta:

376 4349 452 4397 Unde
473 4327 551 4399 domo
570 4363 639 4411 quae
657 4364 717 4402 sors
735 4323 1004 4418 profugamuisve
1022 4350 1111 4414 egerit
1128 4335 1227 4399 error?
