2960 4908
123 257 173 336 92
575 242 887 319 atsaav.

122 439 332 520 Goelicolas
356 439 496 516 trahet:
519 438 620 514 baud
643 463 758 542 parvo
781 437 1071 542 redimendaque
1094 463 1216 520 mater

121 561 245 640 Obses
270 561 341 654 erit
362 563 495 665 pretio.
544 562 599 635 Ite
624 559 781 652 alacres,
805 560 863 634 bis
889 559 1036 636 abditus
1060 566 1188 658 anuis,

119 682 192 758 Hic
215 675 307 758 latet'
314 713 328 780 3
353 679 605 784 adpraedam
629 678 838 772 discurrite,
864 681 1000 783 cingite
1024 682 1147 784 silves,

118 803 312 906 Vestigate
335 802 456 878 aditus
482 826 624 894 omnes,
650 800 715 876 det
736 801 896 877 buccina
925 804 1082 904 signum.
1239 822 1320 893 315

216 926 284 999 His
309 923 417 1000 dietis
443 921 531 1000 elati
551 922 676 1011 animi,
700 938 739 996 et
761 921 876 997 novus
911 921 1057 998 additas
1088 922 1215 1018 ardor,

117 1043 299 1146 Vanaque
325 1069 413 1146 spes
436 1043 593 1136 miseris,
618 1042 788 1144 coelique
811 1061 958 1118 arrecta
991 1043 1140 1148 cupido.

117 1165 276 1266 Jamque
302 1166 391 1240 atris
415 1164 561 1240 facibus
585 1163 676 1239 laeti
698 1165 935 1267 incensisque
960 1168 1147 1269 cupressis

115 1286 190 1359 Per
212 1286 300 1385 juga
323 1284 551 1388 odorisequi,
575 1311 645 1388 per
664 1285 781 1360 saltas
803 1285 968 1388 undique
991 1286 1078 1380 fusi,

112 1383 342 1482 'Itatrsntum
357 1406 457 1482 velut
481 1407 608 1483 audito
633 1403 744 1482 turba
768 1407 888 1480 excita
912 1433 1043 1502 cornu,
1237 1419 1315 1493 320

114 1527 260 1600 Exertis
284 1526 419 1626 linguis
444 1553 576 1604 caveas
600 1545 639 1601 et
660 1528 779 1601 lustra
800 1527 987 1602 subibant.

216 1645 309 1722 cum
330 1647 464 1748 procul
487 1645 651 1721 aetherei
664 1645 821 1747 pugiles,
845 1647 948 1720 mille
962 1672 1030 1721 are
1045 1647 1263 1751 quadrigae,

114 1766 275 1840 Loricae
300 1791 346 1840 er
370 1792 475 1858 suro,
501 1783 607 1841 scuta
629 1792 742 1840 aerea
763 1767 914 1868 telaque
937 1768 1027 1858 risa,

114 1889 165 1961 Et
189 1887 406 1989 chlamydas
430 1885 567 1976 variae,
590 1886 739 1988 plumae
764 1903 803 1960 et
824 1885 957 1961 vexilla
978 1912 1050 1988 per
1075 1913 1198 1982 auras,

112 2005 337 2109 aurumque
361 2006 494 2108 triplex
520 2004 748 2081 descendere
773 2006 933 2081 nubibus
957 2032 1102 2107 agmen.
1236 2025 1308 2096 325

112 2128 297 2202 Arrexere
322 2145 423 2202 atros
448 2107 649 2229 stupefacti
673 2126 722 2201 ad
747 2126 871 2202 sidera
892 2127 1008 2202 rictus

112 2248 215 2324 Luce
240 2250 437 2350 repentina
461 2245 649 2322 obstrictis
674 2247 774 2322 haud
796 2273 912 2338 more,
935 2274 1121 2323 murmure
1143 2277 1258 2328 rauco

111 2367 316 2440 Tartareae
339 2367 538 2439 insonuere
562 2368 688 2458 tubae,
722 2386 906 2440 tremuere
934 2393 1113 2444 cavernae
1120 2398 1134 2467 3

109 2489 161 2561 Et
185 2489 400 2587 conjuratae
424 2501 612 2560 momento
635 2488 813 2587 temporis
839 2513 969 2562 omnes

110 2607 316 2682 hamuctae
338 2607 538 2682 horribiles
562 2624 718 2701 turmae,
744 2607 816 2681 sub
839 2608 1019 2710 signaque
1042 2627 1152 2712 rapta
1232 2627 1304 2696 530

108 2729 279 2828 Agmina
312 2732 434 2800 Laeva
459 2728 560 2800 acies
584 2727 664 2816 tibi,
690 2728 863 2826 corniger
887 2729 1111 2821 Asmodaee,

111 2850 277 2922 'l'essera
298 2848 359 2922 cui
382 2844 473 2921 balli
496 2847 625 2947 piceus
652 2867 786 2944 caper:
814 2848 900 2920 huic
924 2850 1116 2948 Ephialtes

111 2965 287 3068 Signifer,
315 2987 353 3044 et
376 2972 520 3043 Mormo
545 2965 864 3041 comesaddituss
896 2969 935 3042 in
960 2969 1085 3043 medio
1108 2970 1181 3066 dur

110 3088 320 3190 Belphegor
344 3107 383 3164 ct
408 3092 548 3190 Gorgo,
575 3105 614 3162 et
634 3085 773 3160 Belial:
799 3107 963 3164 extrema
988 3099 1140 3166 coercet

109 3319 147 3374 V.
165 3323 228 3377 828.
245 3323 461 3376 tartareae.
496 3322 546 3389 111,
565 3323 617 3376 tto
636 3325 665 3374 et
686 3325 750 3380 tol.

110 3423 147 3480 V·
165 3427 228 3482 stt.
246 3427 472 3480 asmodaeus
500 3413 699 3492 (Ἀσμοδαῐος,
736 3417 758 3478 i.
790 3437 820 3480 e.
858 3413 1016 3482 ἀπολλύων
1043 3416 1145 3500 Apes·
1175 3427 1207 3492 9,
1247 3420 1299 3500 11)

153 3526 156 3534 “
251 3523 376 3584 metron,
394 3517 440 3582 qut
458 3519 565 3587 saram,
583 3521 819 3594 ssllamlteguet'ss,
835 3523 946 3592 invasit,
965 3521 1079 3590 ejusque
1099 3530 1205 3589 septem
1224 3529 1298 3581 viros

248 3615 364 3678 priores,
382 3614 528 3674 antequam
543 3609 641 3676 juveni
658 3619 761 3670 l'ohtse
775 3621 898 3685 nuberet,
922 3621 1010 3668 morte
1031 3617 1134 3669 affeeIt.
1152 3621 1218 3672 lob.
1230 3599 1297 3688 aa

110 3715 146 3768 V.
160 3718 224 3771 882.
239 3715 434 3780 Ephialtes
450 3699 514 3781 (ἕπε’
522 3741 533 3752 -
544 3698 682 3787 ἅλλομαι,
701 3710 828 3790 insilio)
846 3720 964 3783 Neptuni
972 3719 1055 3788 titius,
1064 3719 1110 3770 Oti
1121 3720 1219 3788 frater,
1237 3735 1301 3786 quos

250 3811 346 3862 ambos
365 3809 472 3861 coelum
485 3813 635 3867 moesone
648 3819 780 3868 conantes
800 3815 899 3877 Apollo
924 3817 953 3864 et
970 3812 1060 3865 Dlaua
1075 3812 1185 3876 sagittis
1201 3816 1299 3866 contr-

251 3906 340 3952 eront.
375 3899 486 3963 (class.
508 3903 540 3954 B.
563 3903 625 3958 Get.
647 3889 696 3967 lt)
720 3907 910 3970 Ephialtes
927 3906 1042 3958 incubus
1068 3915 1175 3969 quoque
1194 3909 1300 3957 mortus

248 3992 327 4060 (Alp)
341 3996 450 4065 dicitur,
466 4009 520 4062 quo
530 3997 695 4049 dormientes
703 4000 817 4062 opprimi
826 4002 855 4049 et
862 3997 994 4053 suffocari
1000 3995 1055 4051 sibi
1063 3996 1191 4052 videatur
1201 4002 1298 4062 (Mser.

249 4088 342 4140 somn.
362 4089 436 4153 scip.
454 4089 477 4157 l,
496 4093 527 4152 t)
544 4092 570 4142 h.
590 4089 609 4142 Ι.
627 4090 803 4144 Discolor-un
817 4103 896 4144 unus.

113 4179 147 4232 V.
164 4180 224 4236 ³³4·
242 4175 515 4249 belphegor-‘tlh
530 4184 573 4235 tt.
675 4245 679 4252 ‚

285 4271 401 4323 Belial
417 4276 565 4326 seelestam
575 4287 625 4328 sau
641 4277 808 4328 desenorent
823 4275 842 4326 i.
861 4272 1031 4327 aelnotum
1042 4273 1185 4342 siguificat.
1206 4279 1229 4326 lt
1239 4275 1296 4334 Cor.

251 4366 280 4431 o,
300 4366 341 4418 la.
378 4369 513 4420 Merme
538 4374 566 4419 et
584 4370 709 4438 Gorgo
727 4369 791 4424 sca
805 4368 974 4422 batulorum
986 4371 1103 4424 nonina.
