2990 4906
168 208 188 274 8
611 188 928 264 LIBERI.

168 389 270 460 Gens
295 389 425 486 ignara
452 387 580 464 deumt
605 388 726 463 dubiis
749 390 837 463 hine
862 391 987 465 omina
1010 391 1121 464 rebus

100 597 104 606 1
164 511 334 596 Poscere,
360 508 603 608 perfususque
628 536 731 583 mero
758 537 842 584 cum
866 511 963 584 laete
989 511 1158 586 solebant

159 632 325 727 ‘Porg'ere
351 630 718 730 primitiasfrugum,
745 633 924 706 solemnia
949 631 1057 704 dona.
1120 685 1130 699 ,

164 753 275 821 Forte
303 749 381 823 dies
403 751 550 841 aderat,
579 779 653 851 qua
677 755 832 852 simplex
853 752 1207 852 turbaquorannis.

163 868 225 942 Ad
247 868 426 968 liquidum
451 871 612 961 fontem,
637 873 763 946 fatalis
789 876 853 947 cui
875 899 985 974 super
1010 873 1122 945 arbor
1223 911 1240 946 .:
1281 887 1361 952 170

164 992 353 1080 Imminet,
380 1009 527 1064 exercet
550 991 677 1083 ludos,
704 995 895 1095 epulisque
920 995 1094 1094 peractis,

164 1109 354 1183 Obscoeni
378 1114 548 1186 nemoris·
564 1113 701 1190 velatus
726 1132 895 1215 tempora
921 1117 1060 1188 circum

160 1232 337 1306 Dcciduis
363 1233 480 1324 soliis,
503 1259 684 1334 responsa
709 1254 879 1336 expectat
905 1245 1072 1336 ar'us'pex.

162 1357 212 1426 At
236 1382 312 1427 non
340 1382 359 1428 e
385 1355 520 1437 ramis,
545 1372 585 1426 ut
609 1356 775 1453 pridem,
803 1356 962 1430 audirier
987 1339 1064 1429 ales

162 1475 308 1565 Incola,
336 1501 405 1548 nec
429 1475 623 1575 precibus,
647 1501 718 1548 nec
746 1476 852 1550 donis
878 1477 1019 1550 ssectier
1044 1477 1140 1554 ullis.
1281 1487 1354 1555 175

162 1593 359 1666 Adduxere
383 1596 528 1695 nigrum
553 1595 789 1668 mactandum
812 1597 1114 1692 ritejuvencum,
1213 1633 1215 1640 v

162 1718 445 1818 Instaurantque
471 1715 609 1816 epulas.
660 1717 756 1784 Tum
781 1741 867 1790 vero
894 1717 1046 1791 emissus
1073 1717 1120 1788 sb
1145 1742 1238 1790 orno

161 1837 304 1934 Feralis
329 1839 501 1937 gemitus,
527 1861 668 1937 voxque
695 1834 865 1906 exaudita
890 1861 958 1934 per
984 1861 1112 1911 aurasr
1189 1872 1193 1887 r

160 1957 223 2026 Me
247 1983 340 2057 puer
364 1959 556 2032 Hebraeus
565 2011 576 2048 ,
604 1960 663 2032 cui
687 1955 798 2030 tellus
820 1973 996 2054 astraque
1021 1958 1175 2032 subsunt

160 2077 343 2174 Imperio,
368 2079 441 2152 buc
467 2079 616 2153 veniens
642 2079 800 2178 migrare
826 2078 864 2150 in
890 2079 1047 2150 Tartara
1074 2079 1191 2176 cogit,
1281 2091 1351 2159 tto

159 2196 353 2296 Diriguere
378 2220 496 2294 metu,
524 2219 561 2274 et
587 2202 726 2274 circum
750 2219 909 2272 tremere
935 2200 1058 2270 omnia
1082 2201 1171 2290 risa,

160 2317 248 2388 Mox
274 2319 363 2390 nido
392 2323 567 2432 pxhalare
593 2322 698 2420 niger
721 2348 856 2419 vapor,
882 2319 968 2392 inde
994 2301 1147 2419 repente

161 2438 361 2511 Tartareus
385 2439 535 2512 volucer
562 2465 688 2510 coram
714 2465 753 2509 se
781 2437 925 2510 sustulit
951 2437 1018 2509 alis

128 2643 135 2663 ἢ
159 2557 375 2634 Horrendus
401 2559 490 2630 risu.
541 2560 616 2628 Ter
642 2557 774 2658 pennis
802 2558 932 2629 circuit
953 2559 1042 2630 atris

161 2677 363 2774 Antiquam
387 2677 534 2770 sedem3
560 2695 617 2749 ter
642 2678 791 2750 summis
818 2676 939 2750 sidere
964 2679 1075 2751 ramis
1281 2693 1345 2760 185

163 2794 343 2888 Conatus,
369 2823 482 2888 reuco
506 2813 563 2870 ter
589 2823 672 2869 cum
696 2797 853 2870 stridore
881 2799 1069 2898 relapsus:

161 2917 252 2989 Inde
281 2919 391 3019 sugit,
418 2901 655 3016 sequiturque
681 2918 806 3017 fugam
830 2918 1063 2992 foedissimus
1090 2920 1208 2992 imber

163 3039 353 3112 Grandine
379 3040 592 3113 commixtus
601 3068 614 3134 3
634 3057 711 3110 tum
736 3039 888 3138 glebae,
916 3057 953 3111 et
978 3041 1132 3139 grandia
1157 3068 1245 3114 sexa

164 3159 342 3258 Conjecta
366 3161 405 3230 in
430 3177 597 3260 pateras,
623 3159 859 3258 revolutaque
884 3161 1020 3262 pocula
1046 3162 1193 3234 mensis.

161 3278 267 3353 lllieo
294 3277 508 3377 diffugiunt,
531 3297 649 3354 metus
675 3297 712 3352 et
735 3307 850 3380 pavor
875 3282 999 3352 omnia
1023 3282 1206 3370 turbant,
1278 3297 1342 3364 190

163 3399 433 3499 Solemnesque‘
457 3400 594 3501 dapes,
620 3400 833 3499 infectaque
857 3427 964 3474 sacra
983 3402 1206 3499 relinquunt.

236 3520 406 3596 Substitit
430 3521 490 3592 hic
516 3523 640 3594 senior
664 3520 835 3620 paulum,
877 3522 1124 3620 interfataque
1150 3523 1246 3592 Dina
1271 3539 1342 3597 est:

164 3641 252 3739 Quis
278 3667 372 3741 puer
397 3641 460 3713 ille
488 3659 627 3732 autern,
653 3643 790 3740 stygius
813 3667 923 3739 quem
949 3641 1090 3712 dixerat
1115 3638 1218 3712 ales?

161 3762 270 3833 Nunc
293 3787 428 3859 sequar
455 3763 607 3866 (hospes
633 3762 701 3858 ait)
719 3761 836 3833 'siccis
860 3762 1058 3860 permittite
1083 3759 1209 3850 labris,

125 3915 128 3933 =
163 3879 276 3973 (Nam
303 3882 424 3954 crudis
452 3884 576 3982 ‹tuepis
601 3909 670 3955 vox
694 3905 827 3979 aspera
855 3879 1022 3952 faucibus
1048 3881 1183 3980 haesit)
1276 3901 1337 3968 195

159 4021 575 4042 *n——u——q-u-—u-

161 4089 697 4144 V.172.0bscoeul.Ed.Veneta:
720 4089 903 4139 frondosi.
1012 4089 1015 4100 '

161 4181 195 4229 V.
218 4184 275 4233 182.
295 4184 367 4232 Edit.
386 4185 484 4233 venet.
504 4185 522 4230 1.
542 4183 651 4244 prodire
669 4192 718 4242 pro
738 4181 920 4232 exhalare.

162 4271 195 4332 V.
217 4275 275 4324 19³.
297 4275 457 4339 Stygius.
492 4274 539 4326 111.
560 4275 619 4327 112.
