2960 4908
149 301 221 377 tm
360 281 364 298 ·
549 287 914 360 c1aeavu

148 487 307 561 Omnino
331 485 482 559 institui.
533 485 583 557 At
607 483 739 556 Ruben
764 483 941 556 maturior
965 484 1071 555 annis

144 606 310 680 Ploranti
332 604 450 678 bonus
476 615 585 703 atque
611 629 750 702 aequus
776 628 842 675 sua
865 629 1018 677 munera
1043 583 1182 682 cessit,

143 726 289 824 Pergite
314 727 407 824 jam,
431 742 579 814 matres,
604 724 734 822 inquit,
761 748 847 795 nam
872 724 1002 798 semita
1025 723 1137 822 longa
1161 741 1229 797 est.
1255 740 1326 806 335

143 845 215 916 Hie
242 871 333 944 ego,
358 847 553 920 Bethlaeos
580 846 666 918 dum
690 870 755 919 vos
776 845 985 945 properatis
1009 845 1048 916 ia
1073 869 1194 942 agros,

145 964 309 1039 Servabo
333 955 476 1042 interea
500 966 593 1039 lidus
616 965 783 1066 pomaria
808 982 962 1042 custos·

239 1089 337 1184 Ergo
364 1086 529 1178 alacres,
555 1111 696 1160 summo
723 1102 909 1183 gestantes
934 1085 1071 1158 vertice
1095 1100 1213 1156 textas

141 1203 348 1277 Viminibus
375 1206 529 1297 corbes,
555 1207 683 1279 dextra
706 1204 882 1303 laevaque
906 1205 1121 1305 prehensaS,
1230 1197 1233 1208 ’

139 1324 237 1394 Imus
260 1349 330 1423 per
353 1351 509 1398 nemora
533 1343 570 1398 et
595 1325 731 1402 saltust
758 1342 866 1398 sonat
888 1323 1050 1422 undique
1075 1324 1179 1398 vallis
1254 1336 1325 1413 340

140 1445 333 1514 Pastorum
358 1444 530 1539 calamis,
554 1447 823 1547 thymbraeque
852 1443 1026 1542 cedrique
1049 1445 1210 1517 recentis

139 1564 231 1633 Late
257 1562 350 1636 odor
376 1563 531 1638 efflatur.
582 1568 761 1638 Mirantur
786 1590 938 1639 munera
962 1564 1070 1652 veris,

100 1773 104 1781 ἱ
137 1684 387 1780 Extantesque
411 1710 517 1757 rosas
543 1684 697 1760 calathis
723 1703 760 1757 et
778 1683 937 1759 frondea
963 1701 1063 1754 serta

139 1801 327 1872 Attonitae
352 1804 493 1901 passim
517 1822 653 1877 matres
678 1802 859 1904 puerique
884 1826 1084 1904 nurusque,

137 1917 362 2018 Effusaeque
385 1939 497 1994 ruunt
519 1924 647 2022 pagis,
673 1942 785 2023 atque
810 1925 956 2021 agmina
980 1911 1145 2020 jungunt.
1254 1931 1322 2009 345

136 2039 314 2112 Venimus
340 2040 389 2112 ad
412 2045 521 2116 Pueri
546 2068 660 2115 cunas
689 2045 765 2143 jam
789 2043 867 2115 sole
894 2040 1069 2116 cadentes

136 2159 333 2259 Primaque
348 2161 500 2260 Daphra
515 2189 665 2262 parens,
691 2180 890 2264 postquam
905 2159 952 2232 dc
972 2186 1075 2232 more
1097 2141 1252 2262 salutem
1313 2152 1318 2160 ’

138 2276 299 2350 Obtulit:
324 2281 439 2371 Haec,
462 2283 593 2381 inquit,
619 2286 750 2374 Mater,
774 2284 842 2355 tibi
864 2280 1023 2382 paucula
1048 2281 1165 2353 nostri

135 2397 291 2467 Munera
314 2398 426 2471 vineti
452 2401 619 2495 tulimus,
645 2404 819 2502 foliisque
843 2400 1006 2474 reductis

135 2516 320 2614 Explicuit
345 2516 463 2592 dona:
491 2539 528 2594 et
553 2523 688 2600 salices
712 2542 751 2597 et
773 2524 908 2621 juncea
931 2522 1030 2622 rupit
1251 2533 1323 2602 350

135 2633 271 2706 Vincla
294 2663 417 2712 manu.
469 2643 635 2716 Genitrix
659 2663 699 2716 ut
724 2645 831 2743 fraga
851 2641 1023 2716 rubentia
1046 2639 1136 2715 vidit

133 2756 182 2823 Et
205 2756 392 2891 magutinis
417 2764 582 2862 rorantia
606 2764 754 2863 persica
776 2763 941 2860 gemmis,

136 2867 291 2946 Sustulit
316 2874 365 2947 ad
389 2877 535 2950 coelum
558 2881 721 2981 palmas,
746 2880 969 2980 paulumque
996 2899 1140 2954 morata

135 2990 211 3065 Orc
238 3018 349 3096 super
373 3000 473 3074 stetit
498 3001 703 3074 admirans:
726 2999 834 3073 Unde
859 2998 931 3070 ista
954 3015 1107 3096 repente

134 3108 281 3211 Copia?
305 3120 430 3216 queis,
456 3122 594 3220 inquit,
618 3122 816 3222 decerptae
841 3121 880 3190 in
907 3118 1064 3192 collibus
1089 3118 1213 3193 uvae?
1249 3134 1320 3200 355

131 3232 390 3333 Versabatque
415 3263 527 3311 manu
545 3240 672 3314 ridens
697 3266 795 3312 nunc
821 3242 959 3312 Punica
983 3240 1092 3330 mala,

132 3351 240 3423 Nunc
265 3353 353 3444 hos,
379 3383 479 3431 nunc
503 3358 587 3432 illos
613 3358 744 3437 florest
768 3385 853 3432 mox
879 3358 1009 3432 sedula
1032 3385 1153 3460 prono

130 3472 281 3545 Vertice
307 3494 440 3549 cuncta
464 3478 592 3579 legens
617 3497 718 3552 texto
745 3479 790 3550 de
812 3481 945 3553 nmine
970 3481 1117 3552 botrum

99 3637 103 3644 ·
132 3592 287 3669 Sustulit
310 3598 519 3698 ingentem,
545 3600 725 3700 puerique
751 3598 911 3673 admovit
935 3600 1063 3673 ocellis

129 3715 271 3788 Blande
297 3720 439 3818 agitans
461 3737 609 3792 teneras
627 3719 781 3793 frondes
800 3745 1015 3819 ramumque
1032 3720 1220 3793 virentem.
1247 3731 1318 3798 360

128 3835 209 3908 Nec
234 3839 354 3913 minus
380 3840 467 3910 hinc
484 3838 642 3940 Zelphe,
668 3841 755 3912 hinc
778 3839 920 3911 Rachel
946 3839 1186 3937 formosaque
1214 3838 1318 3910 Reris

128 3953 313 4048 Blandiri,
340 3978 627 4060 autumnumque
651 3987 762 4032 manu
780 3957 1025 4059 praetendere
1052 3959 1194 4033 ocellis.

125 4073 193 4145 llle
221 4103 241 4147 e
267 4079 430 4154 fasciolis
458 4099 619 4155 exertam
642 4106 801 4182 porgere
832 4078 1008 4169 dextram,
1060 4093 1064 4102 '

127 4286 161 4342 V·
182 4290 241 4362 356.
278 4289 377 4342 Malu
394 4291 469 4340 circe
489 4290 680 4356 Carthaginem
697 4290 1200 4356 01,1111000111010110101011101ιὶ0
1219 4289 1320 4341 rubens

267 4381 424 4440 (Ptuicum)
443 4383 547 4435 corinn
563 4385 706 4434 habebant.
727 4382 832 4434 colun.
853 4385 897 4449 1⁰,
917 4385 977 4438 2⁴8.
