2990 4906
201 1191 203 1198 W
308 945 1287 1200 Llaaatoa‘tissusssgss

512 1357 977 1476 cccccccccc?
1023 1359 1026 1364 ’

135 1583 257 1639 Daemon
278 1580 368 1638 livore
395 1586 519 1638 concitus
549 1586 650 1652 bellum
684 1588 818 1640 advorsus
845 1589 941 1640 Jesum
968 1585 1088 1660 molitur.
1129 1585 1322 1651 speculatores
1385 1559 1390 1580 ’

169 1687 289 1743 lemures
304 1687 418 1742 mentito
435 1689 529 1739 habitu
546 1689 682 1740 Nazareth
699 1693 917 1753 praemittuntur.
954 1691 1157 1760 Armilustrium
1173 1690 1324 1764 instituitur

170 1793 200 1844 in
216 1791 340 1843 Perside.
374 1792 407 1844 ln
422 1796 558 1844 conventu
580 1797 698 1843 matrum
721 1789 867 1856 praesente
889 1791 1004 1858 Virgine
1028 1793 1151 1844 Daemon
1168 1793 1325 1856 explorator

170 1895 318 1964 detegiturt
353 1893 475 1958 Deipara
491 1897 526 1946 ab
544 1897 650 1962 Angelo
668 1900 808 1964 monetur,
828 1898 858 1946 ut
875 1896 987 1946 secedat
1005 1907 1066 1944 cum
1082 1909 1167 1959 puero
1185 1896 1214 1945 in
1231 1897 1326 1944 descr-

172 2001 230 2050 tum
246 1999 273 2050 d.
297 1997 412 2050 Joannio
428 1998 579 2062 Baptistae.
614 1998 712 2050 Castra
728 2000 836 2050 interna
851 1998 880 2050 in
896 2002 1003 2050 montes
1020 1999 1132 2050 Abarim
1150 1995 1326 2060 descendunt,

170 2105 253 2168 atque
278 2101 318 2154 ibi
341 2101 403 2156 rixa
420 2105 519 2154 exorta
540 2114 604 2154 mox
627 2101 718 2154 desse
742 2105 827 2154 aeres
851 2102 1012 2155 daemonum
1037 2101 1151 2164 detonsa
1175 2098 1325 2150 bacchanal

171 2203 336 2260 celebratur.

235 2410 362 2511 Qualis
387 2409 592 2483 formosum
615 2409 723 2483 nivea
746 2413 890 2486 cervice
915 2413 1102 2501 catellum,

135 2531 313 2631 Virgineo
338 2530 379 2602 in
403 2529 544 2630 gremio
569 2529 737 2604 manibus
764 2557 875 2631 quem
900 2532 1013 2605 comit
1038 2531 1186 2604 eburnis

137 2651 336 2742 Foemina,
361 2651 416 2723 sic
440 2651 610 2723 meritum
635 2675 791 2725 cernens
818 2652 919 2725 dolet
942 2649 1104 2744 invidus,
1130 2677 1195 2724 ore

138 2769 371 2868 Allatratquc
396 2769 479 2841 rudi
503 2769 620 2870 turpis
646 2772 871 2872 quandoque
899 2772 1094 2862 molossia,

136 2890 302 2962 Dilectus
328 2887 499 2962 dominae
525 2888 587 2961 ille
614 2891 743 2982 etiam,
770 2918 854 2966 cum
878 2891 1057 2966 candidus
1082 2891 1171 2964 olim
1297 2881 1326 2970 ¹5

136 3017 186 3085 Et
209 3029 316 3085 tener
340 3027 379 3084 et
401 3007 561 3082 blandus
585 3009 718 3102 fuerat,
744 3038 843 3083 nunc
868 3011 1013 3089 vincula
1037 3011 1135 3086 collo

139 3136 356 3207 Gestantem
381 3129 590 3203 absterrent
612 3133 768 3224 mensis,
795 3149 833 3206 et
855 3135 1022 3235 postibus
1049 3145 1196 3204 arcent:

137 3252 247 3325 Haud
272 3252 378 3324 aliter
403 3254 560 3322 Puerum
587 3253 786 3326 coelestem
810 3253 895 3324 dum
922 3252 1019 3326 videt
1044 3251 1159 3324 hostis

137 3372 317 3462 Lucidus,
343 3373 424 3471 ipse
448 3371 559 3443 etiam
584 3369 791 3480 quondam,
817 3399 900 3446 cum
927 3371 1078 3474 degeret
1100 3372 1220 3463 ostric,
1265 3423 1269 3428 -

137 3493 321 3568 Delicium
346 3490 455 3582 coeli,
481 3491 594 3591 ningit
601 3544 613 3584 ,
638 3509 810 3594 totusque
834 3517 976 3566 veneno
1284 3505 1331 3571 10

136 3613 297 3688 Livescit
320 3613 450 3703 miser,
477 3629 514 3684 et
538 3631 664 3713 partes
683 3640 724 3686 se
749 3631 870 3688 versat
894 3613 932 3682 in
959 3637 1102 3702 omnes,

138 3732 317 3806 Iraedere‘
333 3731 365 3806 si
388 3747 556 3809 tenerum
583 3750 714 3833 queat,
741 3751 851 3834 atque
878 3733 1071 3806 absumere
1096 3730 1209 3804 letho.

139 3856 237 3955 Quin
262 3854 372 3927 etiam
398 3851 525 3924 infelix
547 3853 650 3950 jubet
667 3879 777 3939 ,arma
803 3879 1000 3953 capessere
1024 3853 1151 3952 vulgus

140 3976 384 4064 Taenarium,
411 3991 521 4073 atque
549 3974 683 4045 iterum
707 3974 849 4074 superis
875 3972 1039 4046 indicere
1067 3972 1187 4046 bellat

137 4188 172 4252 Y.
194 4189 235 4240 lt.
256 4181 486 4244 taenarium.
522 4183 786 4251 accerserentur,
820 4184 1032 4248 promontorium
1052 4183 1192 4234 Laconico
1218 4179 1260 4240 (in
1285 4189 1334 4228 ex-

242 4287 330 4330 trema
347 4281 534 4340 Peloponneso
559 4281 699 4331 meridiem
719 4281 830 4336 versus)
854 4279 913 4328 oroi
936 4278 1063 4330 introitus
1090 4288 1151 4325 esse
1170 4275 1326 4336 putabatur.

244 4373 338 4435 ltaque
356 4373 507 4423 taenarium
525 4373 623 4437 vulgus
640 4373 713 4423 idem
731 4372 822 4436 vaiet,
847 4375 929 4435 atquo
942 4371 1057 4421 interum
1073 4370 1134 4420 nivo
1148 4367 1206 4419 orci
1224 4365 1333 4429 vutgus.
