2990 4906
531 175 543 210 s

80 181 85 210 ⁸
165 272 235 340 es
588 254 829 324 menn
876 254 937 326 ut

159 450 334 524 umentis
358 447 490 524 castris
514 446 734 548 geminoque
757 446 798 518 in
821 463 948 520 moute
975 464 1142 524 catervas

166 570 383 647 Ostendunt.
434 568 544 642 Stetit
563 567 628 642 illa
646 566 747 666 gravi
771 566 1017 668 imperterrita
1040 569 1139 645 vultu

159 692 268 765 Nunc
292 692 379 782 hos,
403 714 502 762 nunc
525 687 610 764 illos
636 709 765 772 averso
788 685 925 760 lumine
949 687 1130 764 lustrense
1272 699 1352 778 455

160 813 235 901 „Et
259 836 355 910 quae
378 837 463 901 vos,
487 809 608 910 inquit
614 860 626 898 ,
650 805 783 880 mentis
806 809 955 882 vesania
981 834 1114 884 coecas

35 919 38 922 ¹
159 935 231 1020 „ln
255 931 370 1002 furias
397 931 492 1031 agit,
517 957 542 1005 o
567 923 722 1002 miseri?
746 927 829 1000 Hoc
854 944 952 1018 erat,
975 928 1131 1003 hoccine
1155 926 1324 1002 bellum?

160 1054 268 1141 „Huc
292 1051 413 1124 socias
436 1051 584 1124 tulimus
604 1043 727 1124 vires?
749 1046 843 1120 haec
867 1049 1023 1124 foedera
1045 1047 1191 1151 nuper?

161 1173 290 1263 „Haec
314 1171 435 1270 jurata
458 1169 579 1244 fides?
603 1170 643 1242 in
667 1191 736 1240 nos
763 1164 989 1244 condiximus
1015 1167 1143 1242 mma?

159 1289 380 1391 „Plegiieri,
405 1290 564 1366 ambusti
587 1307 727 1376 torres,
750 1312 820 1387 per
845 1291 996 1364 numina
1018 1289 1113 1362 Ditis
1273 1297 1348 1376 660

159 1411 389 1502 „Horrendi,
413 1409 674 1508 infernumque
700 1407 843 1499 Chaos,
869 1409 1102 1484 discordibus
1127 1409 1224 1483 ultro

78 1535 81 1542 '
161 1530 347 1623 „Exitium
371 1554 565 1612 commune
589 1528 685 1600 fero.
736 1528 951 1603 concurrite
975 1530 1159 1630 utrinque,

159 1651 350 1751 „Pergite,
375 1649 431 1722 io!
457 1645 571 1721 sedeo
597 1649 816 1746 spectatrix,
841 1650 952 1722 tertia
974 1651 1134 1751 Erinnys

158 1774 246 1861 „En
265 1795 385 1868 aequo
410 1765 589 1840 ambobus
611 1765 756 1840 cladem
781 1767 956 1861 allatura,
982 1771 1152 1861 scelesti,¹

157 1888 334 1978 „Viribus
356 1914 431 1961 una
455 1887 547 1962 meis
570 1911 641 1986 par
663 1885 805 1960 bello.u
851 1890 920 1963 His
943 1890 1073 1964 territa
1097 1889 1205 1962 dictis
1274 1895 1345 1976 665

158 2009 379 2109 Lucifugnm
401 2031 506 2080 mens
530 2031 657 2082 verser
684 2006 814 2080 animis
839 1992 1032 2084 subsidere
1057 2011 1194 2086 sensim

156 2131 300 2236 'irarum
324 2128 474 2202 fluctuat
501 2125 652 2201 summis
680 2149 701 2198 e
726 2128 879 2227 rupibus
905 2131 991 2221 aeti,

157 2249 315 2326 Visendi
339 2248 481 2337 studio,
504 2246 623 2319 Babel
649 2263 686 2318 et
709 2246 821 2320 Maho
846 2248 1025 2339 bicornis,

158 2373 208 2442 Et
228 2373 374 2442 Faunus
401 2365 530 2438 Simiel
554 2367 909 2465 Onocentaurusque
934 2367 1161 2462 Molorchus,

159 2481 283 2588 Atque
307 2487 371 2562 alii
394 2482 578 2556 innumeri
608 2482 649 2555 in
672 2485 832 2558 mediam
856 2486 1084 2560 descendere
1103 2485 1247 2561 vallem.
1274 2495 1344 2574 470

159 2609 307 2682 Mollius
330 2607 397 2680 illa
421 2604 565 2677 animos
588 2605 710 2680 verbis
735 2606 852 2681 lenire
876 2606 1037 2697 feroces,

159 2729 383 2827 Hortarique
409 2749 559 2815 omnes,
585 2723 674 2798 dum
697 2743 861 2828 tempus,
895 2726 981 2799 dum
1004 2743 1129 2818 vacat,
1154 2743 1191 2799 et
1214 2751 1275 2800 res

159 2852 306 2949 Integra
321 2847 454 2938 adhuc,
470 2869 717 2945 numerusque
729 2863 869 2936 unctus,
888 2871 994 2947 spem
1009 2868 1149 2945 ponere
1163 2847 1203 2920 in
1219 2847 1345 2924 armis:

160 2969 436 3068 Arbitriumque
462 2964 533 3039 sibi
557 2967 701 3066 poscit,
727 2993 801 3068 quo
827 2965 982 3042 foedere
1007 2966 1118 3040 certis
1342 2945 1345 2954 ’

160 3091 321 3190 Legibus
346 3090 529 3178 instituat,
558 3069 778 3189 dirimatque
803 3088 996 3162 obstacula
1020 3086 1129 3160 belli.
1276 3096 1343 3174 675

162 3211 233 3282 Hic
259 3208 389 3310 epulae
414 3210 639 3300 instructae,
668 3226 777 3306 atquc
802 3210 899 3281 inter
924 3208 1113 3282 carchesia
1137 3234 1284 3308 magna,

105 3390 110 3406 .
164 3332 455 3426 Obscoenasque
483 3327 597 3428 dapes
624 3344 661 3399 et
682 3327 805 3400 ferrea
820 3326 956 3428 pocula
980 3327 1129 3399 tandem

166 3448 327 3523 Consilio
353 3447 456 3520 ducis
481 3465 518 3519 ct
541 3472 757 3547 procerum,
782 3448 959 3547 jussuque
983 3445 1165 3520 Amilidae

166 3691 202 3746 V.
213 3694 275 3748 461.
294 3691 408 3743 chaos
423 3673 456 3754 (a
473 3671 535 3757 xoio
555 3675 607 3738 vel
628 3679 730 3762 xar‘ro)
744 3691 861 3744 materie
883 3689 954 3744 coeli
971 3689 997 3740 ot
1029 3692 1120 3740 terrae
1139 3691 1252 3744 comosa
1267 3683 1343 3760 atque

304 3783 441 3851 Informis,
461 3784 568 3848 qualem
586 3784 664 3836 initio
678 3784 770 3837 nundi
786 3785 871 3836 fuisse
890 3785 991 3850 dicuut,
1009 3784 1036 3833 11.
1056 3780 1139 3842 ipro
1156 3783 1256 3838 inieris
1272 3790 1343 3852 peni·

307 3883 359 3929 tur.
395 3877 473 3929 Ovio„
489 3877 564 3926 urst.
586 3880 614 3945 4,
631 3883 693 3932 666.
714 3880 840 3931 Laetare
876 3878 903 3942 1,
922 3879 947 3926 6.

169 3969 205 4022 V·
216 3972 277 4024 466.
293 3970 470 4035 Erinnys,
492 3962 618 4047 Ἠριηῦς
639 3967 694 4048 (ab
716 3963 850 4050 dormiere
868 3964 1022 4044 indignari)
1042 3978 1097 4018 uns
1114 3979 1150 4019 ex
1166 3970 1338 4024 infernalibus

307 4071 398 4140 inuiis,
417 4083 499 4134 saepe
516 4078 546 4124 nt
560 4086 658 4126 nomen
671 4087 811 4126 commune
828 4069 945 4124 omnium
957 4070 1102 4122 Furiarum
1118 4075 1260 4137 accipitur.
1279 4077 1337 4127 Pro-

308 4166 377 4226 pert.
395 4165 421 4228 2,
444 4165 487 4229 16,
510 4165 553 4218 69.
576 4166 652 4232 virg.
677 4168 744 4218 Aen.
760 4167 787 4233 8,
806 4167 867 4218 ast.

170 4241 205 4308 V.
222 4257 283 4310 468.
301 4255 372 4307 Edit.
386 4255 484 4309 venet
501 4273 550 4321 pro
570 4263 622 4314 tte
640 4287 667 4300 ·-
683 4261 736 4312 4⁷⁰
756 4257 819 4308 incl.
840 4265 921 4306 nuum
935 4265 1046 4304 versum
1059 4256 1153 4308 trabem

332 4349 446 4400 iisendi
460 4354 560 4421 studio,
574 4354 603 4406 in
614 4351 732 4406 median
748 4350 912 4402 descendere
930 4347 1039 4418 veliem.
