2960 4908
303 989 610 1116 LIBER
663 987 1075 1123 SEXTUS.

480 1394 911 1470 ARGUMENTUM.

105 1581 180 1634 illias
192 1580 333 1633 finaliter
349 1577 378 1630 in
386 1579 517 1630 Paradiao
524 1581 651 1631 terrestri
662 1579 802 1646 Virginem
819 1583 963 1646 colloquiis
972 1583 1057 1632 tenet.
1093 1580 1208 1631 Divinus
1223 1579 1295 1630 Puer

140 1684 335 1747 superueniens
349 1683 465 1734 Matrem
476 1683 549 1734 roais
561 1669 690 1733 coronat(
719 1684 790 1734 sora
806 1688 886 1734 noete
900 1685 929 1734 in
946 1684 1076 1749 palatium
1093 1682 1296 1733 revertentibus

142 1789 289 1838 oceurmmt
303 1785 410 1836 animae
420 1785 703 1836 sauctoruml’atrum.
739 1786 837 1836 Aulam
849 1787 995 1836 maximam
1007 1787 1133 1851 subeunt,
1153 1785 1201 1836 ubi·
1211 1761 1296 1834 ¹sacru

109 1897 113 1910 ¹
142 1888 257 1940 bellain
271 1886 422 1950 parietibus
435 1887 573 1948 desumpta
587 1890 743 1938 cernuntur.
778 1887 839 1938 lllle
854 1890 949 1938 drama
963 1889 997 1938 ab
1008 1889 1120 1952 Angelis
1137 1889 1278 1938 exhibetur
1284 1919 1296 1953 ,
1359 1871 1362 1874 ¹

143 1997 225 2057 atque
238 1991 338 2046 iterum
352 1989 441 2042 ruuoti
450 1987 571 2052 hospites
585 2001 667 2040 curro
680 1990 780 2041 sublati
793 1989 931 2040 Nazareth
952 1991 1127 2040 revehuntur.

205 2156 407 2227 Hetrusoos
432 2151 528 2224 inter
553 2147 663 2225 flores
690 2179 764 2252 qua
793 2153 930 2226 labitur
955 2155 1089 2246 Arnus,

108 2277 312 2377 Hesperiae
338 2273 453 2346 sacris
480 2272 588 2344 statio
614 2275 820 2371 gratissima
852 2274 992 2373 cycnis,
1096 2303 1104 2328 ι

107 2399 175 2469 Est
198 2395 303 2466 locus
327 2394 367 2464 in
390 2409 510 2490 prato,
535 2391 633 2462 unde
661 2394 771 2464 etiam
797 2395 883 2479 data
905 2394 1055 2466 nomina
1077 2394 1167 2470 ruri.

109 2517 328 2614 Quanquam
351 2527 451 2584 sorte
476 2535 542 2584 sua
566 2508 654 2582 felix
678 2511 782 2584 locus
807 2511 869 2585 ille
894 2513 1020 2586 vocari

107 2635 274 2734 Elysium
298 2631 450 2707 meruitt
476 2630 582 2723 regni
606 2657 691 2703 uam
717 2633 748 2704 si
773 2654 845 2732 qua
870 2632 970 2705 beati

108 2753 209 2826 lllius
234 2753 274 2824 in
293 2751 400 2823 terris
425 2749 525 2822 foret
548 2747 624 2822 ulla
649 2750 832 2860 simillima
855 2752 990 2851 imago,

109 2873 225 2946 Unius
249 2872 322 2944 ista
344 2868 442 2942 foret
465 2866 656 2939 Mediceae
680 2866 797 2967 gloria
819 2869 938 2944 villae.

108 2992 217 3065 Unde
242 2993 336 3064 adeo
363 2988 530 3089 geminae
556 2986 685 3080 facies,
712 3003 749 3060 et
771 3015 921 3089 prorsus
948 2989 1102 3063 eandem

109 3117 269 3192 Exactae
295 3111 343 3184 ad
366 3136 534 3183 normam
559 3107 680 3200 sedes,
704 3136 783 3183 rem
804 3137 976 3212 promere
1001 3112 1048 3184 ab
1075 3110 1150 3184 alto

110 3235 197 3304 Fert
221 3230 375 3320 animus,
400 3230 624 3330 paulumque
648 3230 706 3304 via
732 3229 929 3304 deflectere
956 3250 1077 3307 cantu.
1252 3242 1298 3308 10

110 3440 146 3490 V.
182 3441 208 3504 ‚¹-
243 3443 377 3506 Αιιιιιι,
402 3439 501 3490 fluvius
520 3434 718 3490 Hetruriue
743 3440 902 3508 (Etruriae,
929 3443 1082 3502 losoanae)
1110 3455 1144 3491 ex
1157 3439 1297 3500 Apennino

233 3537 324 3584 moute
340 3533 425 3598 ortus,
449 3529 617 3581 Florentiam
641 3533 670 3579 et
682 3530 760 3580 Pisas
780 3533 912 3600 interluit,
931 3535 1151 3598 rynlrmumque
1165 3543 1297 3592 marepa-

231 3625 274 3674 tit.
310 3622 389 3686 virg.
407 3623 476 3674 Aen.
496 3622 539 3686 12,
564 3623 624 3672 2³8.

111 3716 145 3766 V.
184 3720 209 3769 a.
227 3717 287 3766 Eat
312 3714 417 3765 loeus
441 3713 477 3764 iu
492 3717 621 3775 xprato.
651 3712 749 3765 cera
766 3717 802 3766 ad
823 3718 973 3782 marginem
995 3718 1123 3768 adnotat:
1143 3711 1299 3766 Pratoli·

232 3821 318 3874 uum,
347 3806 440 3870 lllagni
455 3806 539 3856 Ducis
554 3806 631 3854 lletr.
650 3805 727 3871 villa,
747 3819 796 3856 eur
809 3808 898 3858 simile
915 3807 1046 3878 Paradiso
1067 3807 1203 3857 terrestri.

113 3899 147 3947 V.
185 3899 401 3962 &Elysium
420 3897 456 3962 V,
474 3899 517 3948 til.
618 3915 620 3920 ·

114 3991 149 4039 V.
185 3993 211 4042 6.
232 3992 305 4046 Edit.
319 3990 442 4040 Veneta:

252 4081 329 4130 illius
342 4082 370 4130 in
385 4081 467 4130 terris
482 4079 590 4140 speeies
607 4079 679 4131 ioret
691 4078 747 4128 rolla
765 4081 915 4144 surperstes,

115 4173 150 4222 V.
170 4176 194 4222 7.
214 4170 663 4222 Familiaoleuioiinoeaseoulo
672 4170 736 4218 Xlll
745 4170 844 4220 etxlv
852 4170 956 4220 divitiis
968 4171 1116 4232 opibusque
1125 4171 1299 4219 elararerum
1367 4213 1378 4232 x

239 4263 394 4312 Florentiae
421 4262 508 4323 potita
530 4266 580 4312 eat.
624 4261 666 4314 ci.
690 4261 716 4310 J.
746 4263 782 4309 Μ.
810 4261 928 4312 Bruti:
955 4261 1129 4314 Florentinae
1152 4259 1298 4310 Historiae.

237 4356 314 4416 hyon
335 4353 411 4404 leue.

1454 4273 1468 4428 l
