2990 4906
162 249 207 314 15
624 235 858 307 LIBER
907 239 934 310 1.

161 431 315 529 Instigat
339 429 470 502 variis:
507 454 596 528 urge
620 432 794 532 tebtigia,
819 435 975 530 Rachel,

161 550 400 631 TelDamaris
423 550 577 650 propior
601 552 676 646 jam
699 554 776 650 jam
799 571 921 627 tenet:
946 554 1016 625 Hei
1041 554 1150 628 mihi!
1176 555 1361 628 rhamnus

160 671 336 744 Vestibus
345 671 541 769 implicitus
550 699 562 764 5
580 671 876 773 Zambrimfuge,
894 675 1004 766 Dina,
1020 693 1254 772 sequentem:
1280 687 1357 763 405

160 796 276 890 Perge
303 791 435 862 alacris
461 791 610 863 Juditha
633 795 748 892 prior.
801 795 919 866 Sonat
942 794 1105 894 undique
1131 795 1230 868 laeto

162 914 425 1008 circumjectus
451 934 539 1010 ager
564 914 739 1012 strepitu,
766 939 950 1014 vocesque
975 941 1043 1015 per
1070 941 1178 988 auras

162 1021 404 1131 Gongeminat
427 1057 625 1105 nemorosa
645 1035 750 1105 echo.
800 1036 938 1108 Verum
964 1036 1087 1134 omnia
1111 1051 1252 1134 pastor,
1328 1079 1330 1088 ,

159 1158 291 1226 Pastor
317 1177 443 1224 amans
467 1155 684 1253 Nymphae,
710 1154 896 1253 nimiaque
921 1156 1093 1255 cupidine
1118 1153 1278 1254 flagrans

160 1274 335 1347 Turbavit
359 1274 493 1345 Daniel
516 1277 615 1346 ausis
642 1275 859 1374 agrestibus.
910 1275 977 1346 Ille
1279 1288 1354 1365 440

98 1486 100 1492 ,
160 1394 346 1468 luditham
372 1394 444 1466 sibi
468 1396 711 1498 promissam,
739 1404 811 1494 qua
835 1395 1025 1494 pulchrior
1049 1395 1126 1469 ulla

159 1517 246 1588 Non
273 1534 352 1587 erat
379 1515 526 1614 aequali
548 1516 587 1586 in
613 1533 741 1607 coetu,
767 1516 995 1615 praecedere
1021 1543 1131 1590 cursu

159 1635 327 1711 Ardebat
335 1663 347 1729 3
375 1635 579 1735 studiisque
606 1654 643 1709 et
667 1637 750 1706 nisu
775 1638 942 1734 eorporis
969 1637 1068 1708 omni

158 1756 402 1851 Incumbens,
428 1758 520 1830 votis
548 1758 739 1857 oculisque
766 1757 957 1856 impellere
984 1775 1131 1830 euntem

159 1875 346 1969 Instabat,
373 1876 440 1948 sed
457 1881 665 1976 'postquam
692 1879 787 1951 ultra
811 1878 1016 1979 perducere
1041 1904 1154 1979 posse
1279 1882 1349 1968 445

156 1996 244 2066 Non
266 1995 372 2067 aliter
396 1996 495 2070 videt
507 2050 519 2091 ,
546 1999 636 2071 heu!
662 2000 813 2072 Damari
841 1999 893 2072 nil
918 1998 993 2070 tale
1019 2001 1176 2094 timenti,

158 2115 240 2184 Heu
264 2115 404 2210 lassae,
432 2145 527 2216 quae
552 2123 627 2221 jam
652 2138 787 2192 metam
811 2145 930 2221 prope
951 2120 1083 2192 anhela
1107 2121 1270 2216 tenebat,

157 2234 292 2306 Vicino
319 2261 339 2306 e
365 2238 443 2310 rivo
466 2237 602 2312 faciem
627 2261 842 2340 vestemque
870 2239 1100 2340 capillosque

158 2357 332 2427 Irrorarit
357 2383 472 2454 aqua,
498 2378 535 2432 et
559 2361 695 2432 festum
720 2361 914 2434 macularit
937 2362 1110 2431 amictum

158 2474 452 2574 Reticulumque,
481 2495 518 2550 ct
544 2505 668 2578 syrma
692 2505 837 2567 norum,
862 2478 1082 2574 calceosque
1100 2479 1250 2552 nivales.
1278 2490 1347 2583 430

158 2595 227 2666 Illa
252 2595 378 2668 furens
405 2599 535 2702 animis
562 2602 733 2694 sorbum,
759 2597 861 2696 quod
886 2597 982 2669 sorte
1009 2599 1174 2696 gerebat,

152 2715 319 2812 ¹Gonjicit
344 2718 383 2786 in
410 2738 520 2817 caput
544 2722 698 2794 invisum
723 2737 803 2791 toto
830 2719 988 2817 impete,
1015 2719 1129 2790 multa

158 2838 403 2928 Vociferans,
429 2859 633 2939 oneratque
659 2839 831 2940 probris,
860 2854 897 2908 et
921 2836 1018 2908 fuste
1042 2858 1191 2938 reperto

158 2959 416 3055 Nequicqnam
441 2959 663 3058 insequiturz
691 2961 850 3058 dumque
875 2959 949 3028 iras
975 2957 1133 3030 luctibus
1159 2958 1280 3058 explet

158 3081 361 3173 Femineis3
386 3097 531 3179 raptum
556 3083 699 3153 interea
723 3079 875 3154 Juditha
897 3078 1044 3151 redibat
1277 3091 1343 3166 425

159 3199 360 3271 Ostentans
380 3201 549 3272 manibus
574 3229 727 3274 ramum.
779 3204 863 3274 Non
887 3198 983 3270 liber
1008 3197 1175 3288 habenis,
1236 3225 1238 3228 ·
1338 3236 1339 3240 ¹

157 3317 365 3417 Effusisque
391 3321 487 3420 jubis
516 3339 616 3395 tanto
642 3323 738 3395 redit
762 3324 899 3422 impete
926 3318 1043 3391 victor

157 3443 188 3510 E
215 3442 334 3513 stadio
361 3441 543 3540 Massylus
571 3469 704 3541 equus,
731 3445 862 3543 plausu
888 3439 1043 3531 incitus,
1071 3440 1224 3532 ardens,

156 3561 206 3632 Ut
232 3588 383 3662 campos
410 3561 553 3660 fugiens
579 3564 693 3636 niveis
722 3564 839 3661 quatit
863 3560 928 3630 illa
956 3561 1158 3653 cothurnis,

161 3680 329 3752 Crinibus
354 3683 392 3753 in
418 3699 563 3755 rentum
590 3685 739 3781 sparsis.
791 3680 867 3753 Sed
891 3679 993 3768 virgo
1020 3697 1147 3749 secuta
1277 3695 1343 3770 450

159 3803 314 3874 Aemula
337 3828 407 3902 par
432 3783 627 3901 zephyris,
651 3822 687 3874 et
713 3805 870 3899 denique
897 3798 998 3868 crine
1023 3798 1245 3894 prehensam

159 3924 372 4022 injectaque
398 3940 553 4020 utraque
579 3941 834 4016 manutenet,
865 3935 975 4014 atque
1001 3917 1160 3990 virentes

160 4153 194 4201 V.
212 4155 273 4204 410.
292 4154 363 4203 Edit.
381 4155 506 4206 Veneta:
526 4151 658 4202 'rurlravit
674 4154 779 4202 Daniel.
817 4155 868 4202 Hic
887 4152 973 4213 primo
993 4152 1021 4202 in
1038 4155 1104 4203 flore
1121 4149 1255 4217 juventae

160 4243 194 4292 V.
214 4245 275 4295 422.
295 4245 365 4294 Edit.
384 4245 484 4294 venet.
503 4244 585 4307 legit:
605 4241 724 4308 conjicit
741 4247 768 4292 in
787 4250 893 4310 tergum
911 4245 1042 4309 fugientis
1061 4246 1177 4304 plurime
1195 4247 1297 4294 frutetis
1340 4297 1343 4304 ,

94 4395 96 4399 Ι
164 4335 195 4384 V.
213 4338 274 4388 428.
294 4337 365 4386 Edit.
385 4337 509 4386 Veneta:
527 4337 550 4388 E
569 4337 657 4388 stante
677 4325 813 4398 Massylus
831 4349 926 4403 equus,
946 4347 1000 4388 non
1018 4336 1148 4386 Parthica.
1163 4339 1277 4402 artutdo,
