2990 4906
665 126 672 158 l

579 221 821 294 LIBER
866 215 929 290 lV.

170 426 261 500 Cum
286 419 421 493 densos
445 416 542 490 inter
566 441 695 519 vepres
717 412 984 518 pulcherrimus
1003 409 1144 502 Infans,

171 545 239 619 Cui
261 541 388 615 matris
411 536 521 611 dolor
543 554 655 637 atque
681 537 841 610 exercita
865 559 955 608 cura
978 556 1188 634 parumper,
1306 543 1354 613 70

170 671 218 739 Et
241 682 369 737 tenera
394 660 556 733 anxietas
575 658 755 759 fletusque
779 655 964 760 placebat*
978 655 1156 749 amentis3

168 785 333 885 Populea
357 781 484 855 furtim
508 804 591 853 sese
616 779 813 854 occultavit
835 777 876 849 in
896 775 1037 849 umbra.

168 903 238 977 Illa
261 921 386 976 tamen
404 916 556 1000 coeptos
582 925 771 973 sermones
790 896 923 972 nescia
938 895 1079 969 fraudis

169 1025 298 1123 Usque
323 1019 565 1120 sequebatur,
590 1019 705 1094 ventis
730 1018 842 1094 verba
866 1020 970 1093 irrita
992 1020 1148 1117 jactans.

170 1144 231 1216 Ah
257 1141 411 1218 misere!
436 1157 476 1212 ut
499 1141 607 1215 vertit
631 1165 732 1230 sese,
760 1164 830 1212 nec
855 1140 963 1235 vidit,
988 1155 1029 1211 ut
1053 1139 1173 1210 omnis
1309 1145 1355 1214 75

171 1262 368 1364 Extemplo
394 1260 487 1358 fugit
508 1260 731 1360 praecordia
754 1259 793 1329 in
817 1259 947 1331 intima
971 1255 1138 1356 sanguis!

162 1383 332 1480 'Jamque
358 1378 452 1454 adeo
476 1380 673 1452 lacrimans
698 1377 875 1479 implebat
897 1393 1030 1451 cuncta
1056 1372 1228 1476 querelis,

172 1500 351 1573 Pallidior
375 1500 491 1588 buxo,
517 1499 700 1597 vestigans
725 1497 850 1570 omnia
875 1497 1035 1572 circumt

177 1620 268 1693 Cum
291 1618 414 1692 media
440 1643 635 1718 erumpens
659 1619 756 1692 inter
779 1618 941 1691 lamenta
963 1614 1110 1690 Puellus

176 1742 232 1810 Ex
255 1739 454 1840 improviso
480 1763 607 1811 coram
630 1741 741 1812 stetit.
790 1741 869 1813 Ah!
894 1765 998 1813 meus
1022 1737 1158 1829 infans,
1314 1746 1361 1816 8⁰

177 1859 296 1958 Quam
320 1883 417 1957 pene
443 1859 619 1933 exanimis
644 1858 759 1958 rigui!
784 1861 963 1934 Amisisse
985 1877 1165 1960 putaram.

177 1979 240 2052 Sic
265 1980 336 2069 ait,
359 1979 586 2077 arripuitque
611 2003 723 2050 manu
746 1980 829 2052 nive
850 1978 1048 2078 frigidoret

173 2100 332 2170 Pectora
356 2097 477 2169 adhuc
502 2095 626 2195 gelido
651 2097 786 2169 saliunt
811 2122 993 2172 concussa
1015 2097 1161 2171 timore.

274 2215 390 2287 Multa
414 2214 476 2284 hic
500 2231 715 2312 praetereo,
742 2241 837 2313 quae
865 2216 897 2287 si
921 2238 1128 2286 memorare
1154 2209 1322 2286 canendo

178 2335 318 2408 Cuncta
342 2332 469 2421 velim,
495 2331 639 2404 diverse
663 2334 771 2408 nimis
795 2336 885 2408 mihi
910 2334 1075 2408 carmina
1100 2335 1284 2408 aberrent.
1317 2343 1363 2414 85

177 2460 273 2528 Rem
297 2470 422 2526 tamen
446 2450 643 2524 obscuram
668 2453 769 2527 fama
792 2455 893 2554 juvat
916 2454 1047 2527 ordine
1071 2472 1188 2529 totam

177 2579 317 2648 Eruere
342 2575 380 2645 in
404 2571 556 2661 lucem,
571 2591 608 2645 et
632 2576 723 2648 seris
750 2576 978 2648 committere
1003 2574 1126 2666 seclis,

180 2695 222 2768 Si
249 2695 330 2792 quis
356 2695 475 2767 honos
499 2695 612 2768 musis
635 2711 722 2796 post
746 2695 897 2794 longum
921 2697 1121 2771 accesserit
1146 2719 1292 2770 eevumt

178 2814 286 2887 Unde
312 2835 449 2913 queant
473 2817 561 2890 olim
581 2816 765 2892 silvestres
792 2814 936 2889 discere
959 2817 1175 2918 Nymphae,

182 2934 405 3034 Simplicitas
431 2963 543 3035 quam
568 2964 655 3011 cara
675 2939 777 3025 Deo,
804 2963 916 3035 quam
940 2942 1120 3036 grataque
1143 2933 1244 3008 Divis
1318 2941 1365 3012 90

181 3057 216 3128 A
239 3057 376 3128 teneris
402 3074 531 3128 exacta
554 3058 660 3130 annis
685 3057 765 3130 sine
788 3056 873 3129 labe
897 3058 1056 3155 juventa.

272 3175 361 3247 ‚tam
384 3177 545 3249 medium
569 3176 686 3249 ferme
712 3175 769 3248 sol
791 3201 1062 3248 conscensurus
1089 3173 1287 3276 Olympum
1349 3221 1353 3228 ·

181 3292 407 3366 Hortabatur
430 3322 565 3397 equos,
590 3317 628 3371 et
651 3297 782 3370 fraena
805 3296 1008 3370 resolverat
1032 3321 1144 3368 aurea
1152 3321 1165 3391 3

185 3410 277 3483 Cum
300 3415 419 3487 Maria
445 3434 482 3489 et
505 3417 658 3518 pulcher
682 3419 787 3491 lesus
813 3417 960 3490 deserta
983 3441 1052 3517 per
1076 3441 1163 3490 arva

183 3533 367 3607 Thaboris
393 3534 442 3609 ad
466 3537 608 3612 laevam
632 3537 811 3612 frondoso
832 3538 927 3612 colle
951 3538 1081 3612 relicto
1319 3539 1366 3612 95

181 3677 598 3702 -ῄ--Ι--κ-

185 3741 220 3791 v.
235 3744 278 3795 ts·
300 3745 372 3797 Edit.
387 3746 485 3798 venet.
500 3760 550 3810 pro
566 3747 784 3813 vestigausl.
799 3747 998 3812 lustrabatque.

186 3833 221 3884 V.
235 3836 278 3887 89.
298 3837 480 3901 Nymphae
496 3837 702 3892 silvestres
719 3838 738 3890 i.
754 3852 780 3903 q.
795 3841 902 3902 puellae
917 3843 1098 3894 mutinense.

186 3922 221 3975 V.
237 3927 281 3980 st,
304 3927 470 3993 Olympus
495 3928 661 4008 (Ὄλυμπος,
682 3926 753 4002 ὅλος
773 3923 922 4012 λάμπων),
944 3932 1103 3996 Complures
1127 3931 1232 3980 montes
1261 3923 1369 3990 Olympi

325 4034 503 4084 vocabantur.
526 4035 677 4099 Praecipue
696 4048 714 4088 u
734 4037 822 4099 poetis
838 4037 968 4100 olympus
981 4037 1059 4086 nous
1079 4031 1236 4083 Thessaliae
1248 4029 1370 4079 celebra·

325 4125 379 4174 tur.
415 4125 503 4187 serpe
513 4137 562 4188 pro
582 4127 660 4180 coelo
677 4129 795 4192 ponitur.
815 4131 890 4182 Melo
902 4133 929 4197 2,
945 4133 971 4181 a.
986 4127 1066 4192 virg·
1084 4127 1144 4177 Ect.
1159 4128 1188 4192 ⁶,
1205 4127 1249 4177 86.

187 4207 223 4261 V·
239 4213 283 4266 9⁶·
301 4214 397 4265 Thali
408 4227 449 4266 ⁰1
460 4211 641 4298 (Ἰταβύριον)
654 4235 731 4275 mons
744 4223 851 4276 mediae
864 4223 1010 4274 Galilaeae
1019 4231 1103 4283 prope
1111 4219 1249 4270 sunau
1263 4215 1292 4265 in
1310 4210 1371 4263 dul·

326 4317 377 4369 bus
390 4320 509 4374 tribuum
528 4323 654 4380 leaschar
668 4325 693 4376 e
705 4325 837 4378 zebulon.
857 4324 916 4376 Jer.
928 4324 973 4392 tt,
988 4323 1031 4378 ts.
1047 4323 1106 4376 Jos.
1125 4321 1233 4386 antiqq.
1249 4323 1277 4386 a,
1300 4320 1328 4370 t.
1342 4315 1369 4368 2.
