2960 4908
53 282 179 352 -100
288 279 300 294 ““
559 271 899 345 LIBERV.¹

105 468 272 566 Augusto
297 461 411 540 dedit.
436 455 542 538 Ἠοο
563 489 653 540 roro
682 466 850 540 mirabile
873 483 1049 562 narrant3

103 587 207 660 Illius
231 587 270 657 in
295 585 465 659 sobolem
488 601 527 658 et
550 584 689 659 sobolis
715 613 830 688 genus
856 612 966 660 omne
991 604 1170 686 secutum,
1221 599 1292 678 485

104 710 324 780 Tartareum
347 730 601 807 possessorem
624 706 802 805 migrasse
825 706 1045 781 frementem

105 827 296 900 Caesareis
323 825 497 903 stabulis:
523 824 644 899 donee
670 850 778 899 sacro
803 825 920 901 effera
942 827 1074 900 fraeno

99 950 244 1049 Injeeto
271 947 531 1022 Constantinus
556 947 787 1046 compescuit
810 973 879 1020 ora

102 1071 259 1170 Hospite
284 1068 456 1142 Avernali
482 1067 623 1167 ejeetot
649 1092 744 1166 quae
762 1065 893 1141 ferrea
918 1065 1050 1138 fraena

101 1194 288 1292 Augustae
314 1188 441 1263 Gruois
467 1212 489 1260 e
514 1187 620 1264 olavo
644 1186 818 1260 confecta
842 1185 988 1276 trabali,
1221 1193 1294 1272 490

100 1309 295 1384 Insubrum
319 1325 405 1382 ante
430 1333 515 1380 aras
540 1331 639 1379 nune
662 1306 761 1381 Urbs
785 1311 915 1407 regina
937 1325 1097 1385 veretur.

200 1429 356 1530 Atripe
381 1452 425 1500 ex
450 1426 525 1500 ulta
554 1425 687 1526 liquidi
711 1428 884 1503 Jordnnis
909 1430 1074 1500 Amazon

99 1551 292 1652 insignem
315 1547 425 1620 niveo
450 1545 615 1619 candore
642 1572 807 1647 auroque
844 1551 1024 1622 nitentem

100 1673 186 1771 Egit
211 1694 358 1769 equum,
385 1683 422 1738 et
446 1664 554 1738 fluvio
579 1664 708 1774 rietur
733 1691 774 1740 se
794 1668 960 1741 condidit
991 1667 1087 1758 alto;

100 1790 210 1864 Unde
232 1788 316 1889 pios
340 1785 411 1858 iter
435 1783 484 1857 ad
507 1810 635 1858 manes
656 1812 726 1886 per
752 1813 914 1861 concava
939 1805 1076 1862 terrae.
1225 1789 1294 1868 495

105 1912 189 2011 Quo
215 1906 324 1982 simul
348 1905 506 1997 advenit,
532 1906 661 2007 patriis
686 1905 791 1980 fusae
816 1906 979 2007 undique
1005 1903 1124 1978 sistris

105 2031 313 2104 Occrnrere
339 2027 495 2117 animae,
520 2025 669 2125 lateque
693 2024 904 2128 patentibus
928 2025 1023 2098 ulnis

102 2151 257 2252 Antiqui
280 2151 423 2226 Patres,
473 2146 563 2247 Quis
588 2171 674 2218 vero
700 2149 798 2254 hane
823 2145 993 2220 erederet
1022 2143 1137 2232 illam,

101 2270 289 2344 Parthenii
313 2266 501 2368 quondam
517 2267 651 2339 meruit
676 2294 770 2366 quae
795 2266 961 2368 praemia
993 2265 1077 2354 veli,

102 2391 288 2464 Dileotam
310 2389 410 2475 lesu,
436 2403 474 2456 et
496 2384 604 2456 Pueri
629 2387 800 2460 coelestis
831 2404 1015 2459 amantem
1225 2392 1298 2461 500

101 2504 317 2586 Judr'tham?
341 2508 415 2577 hue
437 2502 550 2577 telem
575 2505 795 2602 armigeram
820 2507 901 2604 quis
927 2522 1096 2604 tempore
1122 2500 1189 2573 tali

102 2629 343 2731 improvisum
368 2625 462 2698 adeo
488 2648 622 2724 supera
648 2643 880 2725 expectasset
899 2627 947 2700 nb
972 2651 1064 2700 aure

101 2739 333 2852 Venturam?
357 2745 426 2816 llla
450 2760 542 2833 erat,
565 2742 630 2813 illa
653 2762 777 2816 tamen
800 2750 876 2847 jam
902 2746 1070 2849 corporis
1104 2764 1248 2841 expers,

102 2868 247 2943 Praeda
270 2889 402 2940 recens
427 2863 555 2935 mortis
580 2859 658 2932 fato
684 2864 828 2939 sublata
854 2884 1023 2966 repente.

102 2991 274 3088 Namque
300 2985 397 3084 agris
422 3007 540 3082 nuper
566 3005 650 3054 sero
675 2981 764 3059 dum
788 3011 941 3087 vespere
967 2984 1142 3057 anethum
1226 2992 1295 3062 505

105 3109 291 3206 Aequales
316 3107 412 3177 inter
436 3101 579 3201 legeret
602 3103 850 3203 pulcherrima
871 3106 1075 3206 nymphas3

106 3227 182 3300 Seu
204 3227 308 3318 rigua
329 3222 478 3294 latitans
504 3222 620 3293 mulus
647 3227 775 3322 anguis
801 3226 950 3300 laeserit
973 3224 1104 3313 herba,

108 3346 193 3420 Sive
218 3342 319 3416 aliud
345 3341 474 3440 (longo
501 3367 587 3412 nam
612 3341 712 3416 fama
740 3345 934 3419 ohscurior
959 3343 1069 3442 aevo)

105 3636 142 3688 V.
160 3639 222 3691 484.
250 3637 400 3702 Augustus,
425 3637 608 3687 nomenomm
622 3635 781 3709 inperator,
811 3638 994 3692 Palaestinam
1009 3613 1161 3689 literatior
1181 3634 1299 3688 nerone

247 3727 285 3776 Μ.
304 3725 408 3776 divisit.

107 3816 144 3868 V.
163 3818 225 3870 les.
245 3816 503 3870 constantinus
521 3819 816 3880 M.1mpetutor(nstus
831 3825 964 3880 annom
976 3825 1098 3874 mortuus
1111 3817 1187 3884 337),
1204 3825 1299 3880 paoem

246 3911 382 3963 eeclesiae
399 3911 564 3962 ehrlsttanse
575 3911 832 3986 incrementumque,
850 3917 922 3970 omni
933 3927 985 3979 quo
1001 3914 1062 3965 liert
1074 3912 1183 3976 poterat
1196 3907 1299 3972 studio,

245 4003 352 4053 adtulit.
386 4003 487 4053 Enseu.
506 4003 539 4051 de
558 4002 619 4052 vitu
648 4002 789 4054 Constant.
1198 4032 1201 4049 ·

111 4091 147 4144 V.
166 4093 227 4146 tet.
245 4093 433 4160 Insubres,
450 4095 565 4156 populus
582 4091 689 4145 Gallim
703 4097 915 4165 usurpatam,
932 4097 1115 4151 Mediolanum
1128 4094 1224 4146 urben
1235 4099 1299 4141 oon·

250 4187 353 4237 didere.
387 4185 511 4250 Inscript.
530 4197 574 4250 ep.
592 4185 724 4238 Mutetur.
743 4189 805 4255 m,
823 4189 852 4242 'l-

111 4279 228 4332 utet.
263 4278 433 4328 Jordants
455 4281 616 4330 Amazon.
653 4278 696 4330 ct.
713 4278 749 4346 V,
767 4282 828 4332 809·
1021 4343 1024 4352 Ι

110 4371 145 4419 ν.
165 4371 226 4422 sor.
244 4369 427 4420 rumenam
443 4370 466 4436 1,
485 4371 547 4424 rso.
564 4357 614 4437 tv,
632 4371 693 4423 ser.
711 4370 747 4438 V,
766 4371 818 4424 see
835 4371 865 4423 et
888 4373 965 4426 sot..
