2990 4906
198 213 244 280 18
631 197 947 273 LIBERI.

195 393 408 492 Virgineum
430 392 581 492 peplum
615 391 715 466 n'cdo
739 392 904 492 implicat
910 420 923 488 3
949 393 1066 466 altera
1088 393 1201 468 flavos

196 512 330 585 Educit
355 511 501 604 crines;
526 513 619 585 haec
644 511 805 612 denique
831 515 983 613 corrigit
1005 514 1143 604 omnia,

195 635 318 731 Atque
343 631 450 704 aliter
474 631 596 706 crines
621 650 659 704 et
686 633 807 707 telum
833 651 875 705 et
894 651 993 707 serta
1013 634 1162 734 reponit

195 751 347 828 Floreat
371 775 443 824 nec
475 751 557 828 finis
581 754 683 828 tricis
708 754 959 853 muliebribus.
1008 758 1079 828 Ast
1101 755 1197 826 heu!

194 874 276 942 Heu
300 870 433 944 Daniel
458 876 586 951 miser!
611 875 685 950 heu
708 875 865 950 miserae
891 875 955 974 qui
978 874 1144 975 praemia
1168 897 1288 974 nuper
1311 884 1391 963 465

195 991 411 1066 Abstuleras
434 995 605 1068 Damari!
632 996 740 1068 Nunc
760 1021 869 1069 sacro
896 994 1057 1092 denique
1082 993 1163 1066 velo

196 1111 351 1208 Clausa,
377 1114 473 1186 inter
490 1115 602 1189 veluti
625 1115 771 1190 nimbos
798 1133 978 1214 argentea
991 1112 1093 1201 luna,

194 1233 244 1308 Ut
268 1234 369 1306 stetit
392 1235 431 1306 in
456 1235 579 1308 medio
603 1253 670 1308 tua
690 1236 815 1310 Judith
841 1251 990 1334 compta
1015 1229 1226 1321 amarantis,

194 1355 242 1423 Et
266 1354 386 1428 vernis
410 1353 581 1428 redimita
599 1355 697 1430 rosis
704 1382 718 1450 3
743 1356 817 1429 heu
840 1381 917 1436 non
940 1370 1004 1425 tua
1027 1349 1154 1425 Jndith

192 1471 372 1572 Amplius,
397 1474 470 1546 lreu
479 1501 668 1575 sponsum,
692 1477 765 1546 heu
780 1474 962 1546 thalamos
974 1495 1103 1545 aversa
1118 1486 1285 1570 repente,
1310 1479 1386 1556 470

191 1594 240 1662 Et
262 1591 368 1664 tedas
396 1618 509 1668 exosa
531 1594 642 1694 fugit,
669 1611 877 1694 pactosque
902 1594 1143 1691 hymenaeos,

195 1710 486 1813 conjugiumque
511 1713 656 1813 palam,
683 1731 720 1788 et
742 1730 885 1787 veteres
911 1711 1093 1784 detrectat
1114 1733 1272 1786 amores.
1328 1787 1331 1790 ,

195 1832 452 1930 Nequicquam
476 1851 612 1924 mater,
637 1835 885 1933 nequicquam
910 1846 1059 1904 caetera
1082 1828 1203 1918 turha,

191 1951 314 2048 Atque
341 1953 438 2044 avia,
468 1971 579 2053 atque
605 1981 712 2028 soror
737 1953 845 2026 dictis
871 1950 987 2024 lenire
1013 1949 1218 2023 furentema

192 2070 379 2170 Ognata,
405 2099 428 2146 o
468 2075 624 2150 miserae
651 2073 778 2164 dolor,
805 2090 842 2146 et
866 2098 952 2172 spes
978 2097 1072 2144 vana
1095 2071 1277 2170 parentis!
1310 2080 1380 2158 475

191 2188 297 2262 Unde
324 2190 441 2264 odia?
466 2194 564 2266 unde
589 2193 697 2267 irae?
713 2212 762 2267 et
787 2195 909 2270 subita
932 2193 1026 2264 haec
1051 2192 1196 2264 insania
1220 2191 1381 2266 mentis?

189 2311 274 2409 Ipse
300 2336 427 2386 amens
451 2331 583 2413 pastor
608 2314 722 2405 flens,
749 2332 859 2412 atque
885 2316 925 2384 in
950 2338 1071 2410 genua
1095 2313 1236 2388 volutus

191 2429 352 2502 Crimina
377 2432 503 2504 scitari
528 2411 747 2522 lacrimans)
772 2428 990 2530 veniamque
1013 2433 1171 2531 precari.

187 2552 332 2651 Aspera
359 2551 426 2661 sed
450 2555 574 2653 virgo,
601 2551 710 2626 dictis
738 2551 837 2624 haud
859 2548 1053 2641 mollibus,
1081 2551 1157 2624 alto

117 2761 120 2766 Ι
190 2671 329 2743 Abnuit
353 2698 418 2746 ore
443 2673 584 2744 minare
611 2688 861 2770 quantumque
886 2671 1114 2744 miserrimus
1137 2669 1200 2743 ille
1307 2682 1374 2759 480

189 2791 390 2891 Obsequiis
417 2791 552 2881 ambit,
578 2808 721 2864 tantum
738 2791 806 2864 illa
831 2790 993 2864 ferocius
1020 2809 1133 2864 ercet.

188 2912 284 2982 Dein
308 2936 414 2986 versa
440 2911 489 2985 ad
514 2929 691 3002 matrem,
716 2910 868 2984 thalami
891 2911 969 3008 jum
994 2910 1125 2986 desere
1151 2937 1259 2984 curas

190 3034 303 3124 Hinc,
330 3033 400 3124 ait,
427 3061 450 3108 o
476 3032 650 3132 genitrix,
675 3031 911 3131 lacrimisque
937 3032 1075 3106 absiste
1099 3033 1265 3134 preceri5

189 3155 286 3224 Nam
310 3154 399 3224 mihi
424 3152 582 3226 Carmeli
607 3178 715 3226 sacra
739 3155 835 3225 inter
861 3153 1020 3226 culmina
1044 3153 1172 3225 florem

186 3273 420 3372 virgineum,
446 3290 559 3372 atque
585 3274 663 3350 aeri
687 3274 855 3346 illaesum
881 3301 1027 3348 servare
1052 3275 1234 3375 pudorem
1300 3281 1365 3357 tlt

185 3397 252 3466 Est
275 3411 417 3471 votum:
459 3394 557 3466 hanc
584 3409 723 3466 certam
749 3396 917 3494 injiciunt
941 3396 1031 3469 mihi
1054 3395 1175 3468 sidere
1201 3407 1368 3464 mentem.

189 3683 223 3732 V.
243 3685 303 3736 4⁶5.
322 3684 394 3734 Edit.
413 3683 511 3735 venet.
527 3697 581 3749 pro
599 3687 661 3734 heu
678 3684 838 3733 miserae
855 3681 874 3730 l.
893 3680 1054 3732 immeritae.

187 3798 222 3847 V.
239 3799 300 3850 lto.
319 3799 390 3849 Edit.
409 3799 508 3848 venet.
528 3810 578 3859 pro
596 3800 661 3847 iren
679 3795 861 3844 thalamos
878 3793 898 3847 l.
916 3793 1112 3854 thalamosque.

186 3911 219 3959 V.
239 3913 300 3963 lto.
319 3912 390 3961 Edit.
407 3911 506 3962 venet.
531 3922 580 3972 pro
598 3913 631 3960 et
648 3906 773 3959 subita
791 3907 881 3956 haec
899 3906 918 3955 l.
937 3881 1105 3966 subitaeque.

181 4023 214 4072 v.
236 4025 296 4076 lst.
316 4022 512 4074 carmelus
536 4023 709 4074 Palaestinae
728 4019 942 4079 promontorium
969 4021 1004 4070 ad
1033 4016 1174 4068 meridiem
1198 4007 1363 4063 ptolemaidis

323 4115 400 4164 Elias
418 4116 567 4176 prophetae
585 4112 797 4162 commoratione
828 4111 1012 4178 celebratum,
1038 4112 1067 4161 in
1084 4124 1137 4175 quo
1157 4107 1305 4168 complures
1320 4112 1362 4151 ca-

322 4219 425 4256 vernae
443 4206 632 4269 inveniuntur,
662 4203 689 4252 in
713 4213 780 4264 quas
797 4202 872 4251 nullo
900 4207 1093 4265 contempora
1111 4197 1228 4250 solitarii
1247 4208 1276 4245 se
1292 4204 1361 4242 rece·

321 4301 425 4358 parunt.
460 4298 543 4346 Amos
561 4297 589 4361 9,
606 4297 632 4346 8·
650 4294 671 4344 1.
680 4296 766 4358 ngg.
782 4294 824 4359 18,
846 4293 878 4344 19
894 4308 970 4358 seqq.
988 4293 1013 4344 11
1025 4295 1112 4358 llegg.
1132 4293 1158 4356 2,
1176 4291 1218 4339 25.
1237 4300 1260 4336 c.
1278 4287 1302 4351 4,
1321 4284 1357 4332 lt.
