2960 4908
152 293 199 363 80
311 321 319 336 ·
444 345 447 354 Δ
578 276 916 400 albana.

152 476 210 548 Sit
234 472 330 546 male
353 469 549 572 praecipiti
571 471 692 562 nocti,
720 495 815 570 quae
840 471 919 546 solo
943 491 1087 547 remoto

152 595 259 668 Talia
282 591 336 664 nil
361 613 493 664 curans
518 590 607 662 mibi
632 594 783 693 surripit
806 591 929 668 invida
952 593 1046 670 velo.
1084 643 1085 653 κ
1204 625 1207 630 ·

247 717 347 786 Ecce
372 726 495 782 autem
520 711 665 813 excelso
690 714 729 786 in
752 741 856 788 ramo
883 713 1036 812 Cocytia
1061 713 1188 787 cornix

152 836 393 922 Constiterat,
419 830 625 931 foedusque
651 859 783 925 corax,
809 858 901 933 quas
923 833 1086 933 undique
1111 859 1240 910 saevus

153 957 350 1059 Sparserat
374 951 545 1025 excubias
571 952 723 1048 ductor,
748 954 949 1054 vigilesque
974 954 1129 1028 locarat.
1288 966 1337 1034 20

151 1078 202 1149 Ut
225 1101 312 1149 vero
336 1072 557 1146 incolumem
581 1075 710 1146 Divam
735 1099 916 1173 agnovere
940 1074 1109 1147 volucres
1331 1169 1336 1183 .

151 1199 352 1269 Tartareae
379 1219 399 1264 e
423 1195 539 1293 pratis
565 1193 758 1284 reducem,
785 1195 1056 1294 intrantemque
1074 1192 1256 1296 penates,

150 1315 320 1388 Protinus
345 1313 542 1385 insonuere
568 1314 655 1387 alise
682 1315 886 1387 Acherusia
911 1331 1033 1386 castra

150 1433 314 1507 Desertis
340 1432 464 1505 adiere
488 1433 603 1525 locis,
628 1461 852 1535 raucumque
876 1435 1022 1508 locutae

150 1553 380 1651 Nubivagum
403 1552 444 1623 in
467 1553 614 1653 vulgus,
641 1581 736 1653 quae
760 1581 879 1657 nuper
902 1556 980 1629 risa
1003 1554 1131 1627 tulere.
1288 1567 1335 1635 25

151 1676 232 1748 Nec
256 1674 375 1746 minus
400 1671 543 1744 interea
567 1673 725 1772 demisso
750 1676 887 1749 vertice
912 1675 1035 1746 tristes

151 1793 413 1894 Exploratores
436 1791 614 1884 lemureS,
642 1820 797 1892 quorum
821 1793 1011 1892 improbus
1036 1818 1129 1865 unus

152 1914 373 1987 Obscoenae
398 1913 437 1982 in
463 1912 626 2013 speciem
649 1912 791 1986 vetulae
814 1915 891 2012 jam
914 1913 1074 2012 liquerat
1098 1938 1227 2005 auras,

151 2032 311 2107 Nazario
326 2017 360 2115 'e
382 2059 480 2134 pago
507 2032 625 2107 delusi
649 2033 688 2105 in
714 2050 837 2108 castra
860 2031 1054 2105 redibant:
1136 2085 1139 2094 ,

151 2157 200 2228 Et
212 2152 308 2226 male
322 2178 401 2226 rem
416 2171 569 2253 gestam,
588 2174 699 2255 atque
714 2152 826 2227 aedes
838 2154 1069 2255 patriamque
1083 2152 1262 2242 relictam,
1290 2167 1335 2234 30

153 2273 418 2371 Sublatumque
443 2274 532 2374 fuga
553 2280 711 2348 Puerum
736 2301 820 2348 cum
840 2275 957 2345 Matre
983 2272 1165 2353 ferebant.

151 2393 297 2467 Diditur
322 2393 504 2490 extemplo
529 2420 655 2466 rumor
679 2444 691 2483 ,
718 2393 846 2491 fragor
871 2393 1032 2490 undique
1060 2410 1097 2464 et
1120 2394 1250 2492 ingens

153 2513 362 2586 Concursus
389 2511 527 2610 stygius
552 2513 661 2610 picea
684 2509 733 2584 ad
757 2501 916 2584 tentoria
937 2535 1084 2610 regum=

126 2715 128 2721 y
152 2633 258 2705 Bella
280 2631 418 2720 uolunt,
442 2649 674 2732 poscuntque
700 2631 789 2704 feris
815 2633 923 2704 Nunc
947 2648 1090 2732 tempus
1115 2633 1274 2706 inermes

152 2750 329 2826 Praedari
352 2750 515 2823 inclusos
539 2752 690 2825 latebris
697 2778 710 2844 3
735 2775 848 2841 nunc,
874 2751 995 2848 siquid
1022 2753 1199 2851 Olympus
1290 2770 1335 2836 35

155 2872 293 2947 Contra
317 2870 423 2962 ausit,
448 2886 591 2952 tentare
615 2871 725 2971 jurat.
773 2873 863 2941 Pars
888 2870 1014 2944 nubila
1039 2871 1182 2966 densat,

153 2991 446 3092 Horrificumque
471 2991 561 3064 serit
584 2991 759 3080 nimbum,
784 3014 872 3089 pars
897 2989 1023 3063 aititur
1046 2992 1173 3088 hastis,

154 3120 244 3188 Pars
268 3113 486 3212 ferrugineis
513 3113 644 3187 contis.
694 3113 776 3184 Vox
800 3111 969 3185 omnibus
993 3138 1079 3203 una,

153 3240 197 3309 ln
220 3234 352 3309 uallem
375 3235 540 3308 Aenonis
564 3231 766 3305 transferre
790 3230 979 3304 horrentia
1004 3251 1137 3325 castra,

154 3360 203 3430 Et
228 3351 391 3428 celerare
415 3354 509 3427 viam
534 3352 681 3428 nimbis.
730 3354 890 3424 Nemore
917 3351 1032 3424 abditi
1057 3379 1185 3455 opaco·
1290 3370 1341 3446 10

158 3474 361 3550 Concilium
384 3474 482 3550 inter
505 3499 545 3546 se
569 3497 745 3572 proceres
770 3471 817 3544 de
841 3469 952 3548 rebus
979 3471 1183 3574 agebant...

1372 2459 1395 2547 t

156 3689 192 3740 V.
212 3688 255 3739 18.
274 3680 438 3744 Cocytia,
474 3679 517 3730 Cf.
536 3681 584 3748 111,
602 3684 662 3738 007.

156 3797 193 3850 V.
211 3801 255 3850 22.
273 3798 487 3848 Tartareae.
524 3792 567 3844 cs.
586 3794 632 3844 111.
653 3796 704 3845 200
721 3797 749 3846 et
767 3795 828 3848 2⁰1.

131 3913 134 3920 '
158 3912 194 3964 V.
213 3914 256 3963 28.
275 3907 486 3961 Acherusia.
522 3905 581 3959 cfr.
597 3907 646 3973 111,
664 3909 732 3965 494..

158 4023 194 4075 V.
213 4024 256 4072 27.
273 4022 453 4070 Lemures.
472 4019 521 4084 111,
540 4021 583 4070 11.

158 4132 434 4196 acuuntur.
470 4131 596 4199 111,112.

160 4247 195 4298 V.
216 4244 457 4306 aaatymuns.
493 4242 603 4296 lma.

161 4362 196 4412 V.
215 4354 445 4413 abderama.
479 4354 607 4406 110133.
