2990 4906
111 275 196 354 ’12
362 289 364 294 “
447 323 448 332 .
566 267 914 340 elusam.

148 463 314 563 lesseus)
339 489 470 553 caesos
493 463 633 567 pariter
656 463 737 537 sino
761 487 865 536 more
888 461 1032 564 puellos
1093 486 1096 495 ’

147 584 286 674 Dicite,
311 609 452 687 rosque
476 609 587 687 aegre
612 584 778 688 elapsas,
800 582 1017 684 mediosque
1040 607 1109 684 per
1131 606 1241 656 enses

43 751 47 758 ·
145 707 292 806 Perque
315 710 446 798 neces,
470 723 613 781 vestros
633 706 802 809 rapuisse
827 729 848 777 o
872 703 1002 778 funere
1021 719 1165 803 gnatos.
1284 717 1332 788 95

148 823 213 900 Sia
236 826 337 901 fraus
364 828 510 930 egregie
534 828 625 902 mihi
648 825 751 902 nodo
773 827 931 920 intexta,
953 849 1026 898 neo
1049 825 1169 927 impar

148 945 287 1050 (Spero
314 944 503 1049 equidem)
527 973 671 1023 meroes
696 949 802 1051 operi
824 945 1008 1050 promissa
1030 961 1214 1045 sequetur.

147 1068 254 1140 Talia
280 1068 481 1168 jactantes,
507 1065 623 1144 densa
648 1069 806 1169 caligine
830 1067 927 1168 septi

146 1187 274 1279 Ibant,
303 1199 339 1261 et
362 1215 486 1264 muros
511 1191 599 1291 pagi
621 1208 824 1293 portasque
849 1186 1041 1277 subibant,

146 1309 269 1408 Atque
280 1308 414 1401 locum,
431 1309 648 1411 insidiisque
658 1309 809 1384 modum
821 1327 1041 1410 tempusque
1051 1303 1246 1406 parabant.
1262 1317 1334 1386 100

124 1500 127 1513 ,
217 1519 221 1534 Ι
243 1430 365 1528 Atque
391 1453 436 1502 ea
460 1431 547 1504 dum
570 1431 729 1504 lemures
755 1429 937 1503 obscurae
964 1427 1084 1501 noetis
1108 1426 1149 1498 in
1172 1424 1301 1498 umbra

149 1545 312 1620 Consilia
336 1566 374 1623 et
396 1550 546 1625 fraudes
572 1556 731 1653 agitant,
755 1554 832 1653 jam
854 1549 1027 1625 Persidos
1052 1547 1148 1624 arvis

150 1667 373 1743 Constiterat
395 1671 493 1772 legio
518 1671 612 1746 Ditis
618 1702 631 1769 3
656 1691 761 1747 tanto
784 1672 850 1745 illa
872 1687 1007 1773 paratu

147 1787 392 1864 Flammarum
417 1809 527 1892 atque
550 1794 666 1884 aeris,
700 1809 838 1894 quanto
863 1791 896 1864 si
920 1788 1085 1863 funditus
1110 1785 1212 1860 orbis

147 1909 359 1984 Vastandus
383 1929 526 2003 terrae,
551 1930 614 1987 aut
637 1912 879 2014 repetendum
902 1909 1094 1983 ultricibus
1119 1907 1231 1983 armis
1259 1917 1330 1988 105

149 2027 259 2102 Sidus
281 2031 555 2134 hyperboreum
579 2034 754 2108 soliumve
777 2031 963 2132 Aquilone
987 2026 1198 2104 locandum.

144 2151 234 2224 'Non
255 2169 312 2227 tot
335 2153 385 2228 ad
408 2156 634 2256 Euphratem
657 2156 767 2231 rastis
791 2153 953 2226 tentoria
978 2149 1119 2250 eampis

148 2273 277 2346 Victor
301 2270 541 2349 Amurrathes
566 2275 754 2376 quondam
777 2272 984 2374 Babylonia
1008 2272 1147 2346 circum

146 2390 296 2476 Moenia
320 2394 516 2490 distendit,
540 2419 611 2468 nec
635 2413 692 2468 tot
715 2396 931 2495 Mustaphns
956 2395 1034 2468 eois

147 2511 297 2585 Viribus
323 2514 468 2609 excitis,
493 2529 647 2614 totoque
673 2515 825 2588 Oriente
851 2532 1004 2603 coneto,
1263 2525 1333 2594 110

147 2632 378 2705 Austriaeam
402 2634 564 2736 implevit
587 2661 709 2738 nuper
732 2651 875 2712 terrore
899 2639 1103 2733 Viennam,

149 2753 248 2851 Quot
273 2751 420 2853 Stygias
443 2771 582 2828 turmas
606 2756 675 2828 suh
701 2757 807 2855 signa
830 2759 1062 2859 Beelphegor
1088 2753 1178 2832 Orci

6 2885 9 2893 '
121 2949 123 2954 ,
147 2875 284 2971 Egerat
308 2872 357 2944 ad
380 2863 480 2975 ripas
505 2873 680 2948 Chaldaei
703 2874 883 2969 fluminis,
907 2879 1027 2978 ipsam

148 2993 270 3091 Atque
296 2993 425 3070 urbem
448 2994 604 3068 flammis
629 3014 667 3069 et
690 2993 793 3070 furno
818 3015 929 3098 atque
954 2999 1106 3071 aethera
1131 3011 1308 3070 etomnes

150 3322 184 3374 v.
193 3325 252 3377 1⁰2.
264 3325 392 3378 Persis
405 3327 490 3380 Asiae
513 3328 605 3392 ampla
626 3325 771 3390 prortnoia
788 3328 823 3380 ad
843 3339 921 3382 mare
938 3328 1091 3397 pereleum,
1112 3339 1139 3380 a*
1154 3328 1268 3382 Perse
1286 3328 1334 3378 vet

253 3419 355 3484 Perseo
370 3431 436 3486 rege
448 3421 489 3472 sio
502 3407 592 3472 tirta'
602 3419 643 3472 ΡΙ.
657 3418 734 3471 Pers.
754 3421 781 3488 1,
799 3421 825 3487 0,
839 3422 882 3474 10.

149 3507 184 3558 V.
195 3510 254 3562 101.
270 3512 474 3573 Euphrates
490 3515 574 3565 Asiae
586 3513 686 3564 fluvius
692 3545 702 3580 ‚
724 3513 770 3574 qui
785 3513 813 3564 in
825 3513 943 3576 Niphate
955 3515 1047 3564 monte
1064 3513 1209 3564 Armeniae
1220 3504 1334 3576 majus

253 3604 357 3671 oritur,
378 3609 406 3655 et
423 3617 485 3657 oum
502 3606 613 3671 Tigride
625 3607 653 3657 ln
666 3607 755 3656 alnum
775 3607 916 3659 Persicum
931 3607 1013 3658 cadit.
1029 3606 1098 3658 Plln.
1113 3603 1149 3656 V.
1169 3607 1214 3671 at,
1236 3605 1281 3656 to.

150 3691 558 3748 ultramuraneum
576 3699 703 3749 Marad
723 3695 763 3747 1v
777 3710 848 3750 armo
875 3701 944 3753 test
960 3701 1073 3767 Bagdad
1088 3702 1118 3750 et
1132 3697 1236 3750 Erlvan
1251 3695 1334 3774 ttrhea

256 3791 347 3840 Persis
365 3791 434 3840 bello
451 3795 559 3852 ereptas
575 3803 660 3855 regalo
674 3803 724 3841 eno
740 3787 851 3856 adjeolt.

150 3879 186 3929 v.
197 3884 257 3934 100.
276 3883 485 3944 Mustaphus
502 3882 617 3934 mutatae
635 3885 767 3937 amelcae
782 3887 959 3954 praelautus,
987 3885 1034 3950 qut
1050 3894 1122 3937 anno
1143 3883 1214 3936 1000
1232 3878 1336 3931 Vien-

255 3987 329 4024 nam
352 3975 527 4040 oppugnavit.
728 4020 730 4030 ,
1003 3977 1006 3984 ’

152 4062 574 4128 v.112.1nnott.·vmet.pro
597 4068 820 4136 Beelphegor
837 4069 916 4123 orel
938 4069 1054 4134 legltnr:
1086 4069 1219 4134 coegerat
1238 4066 1334 4118 orons.

152 4154 256 4213 v.112.
279 4159 426 4224 stygias
443 4164 590 4232 turmas.
636 4161 724 4228 seyr,
749 4162 811 4214 tons
830 4163 985 4230 Arcadas,
1009 4173 1089 4226 quem
1108 4162 1244 4212 Homerus
1259 4157 1336 4209 inxit

96 4282 99 4293 .
256 4249 508 4317 masmunster,
526 4251 772 4320 poniturprotpsie
783 4253 888 4309 lutera.
910 4256 991 4308 Paua.
1007 4253 1083 4326 11111,
1099 4255 1142 4309 ts

64 4356 67 4365 “
152 4344 256 4400 11110.
274 4345 498 4396 maniaverat.
515 4346 692 4400 desideratur.
