2990 4906
160 253 206 329 rt
579 247 918 336 cluant.

64 475 67 486 κ
157 439 372 514 Muneribus
400 463 512 541 super
537 457 575 512 et
599 441 729 533 dictis,
756 460 868 543 atque
892 431 1039 547 bospite
1064 445 1160 519 lona
1212 437 1217 445 ’

154 562 316 635 Plurima
342 561 593 652 contulerant,
613 588 724 635 roseo
751 565 805 637 sic
830 592 896 639 ore
920 567 1045 641 locuta
1070 583 1170 652 esta.
1274 580 1350 658 345

155 680 289 769 „Alme
315 685 411 754 Pucr
436 681 674 781 (paulumque
696 702 815 775 metu,
841 713 919 760 non
944 713 1035 760 ausa
1059 687 1182 780 fateri,

156 802 342 875 Continuit
368 828 428 873 se:
454 827 539 873 mox
563 804 694 876 iterum
717 806 916 880 formidine
939 809 1047 908 pulsa

154 923 303 1009 Institit)
327 922 451 1011 „alme
476 925 591 1014 Puer,
613 942 677 996 tua
702 927 734 998 si
760 929 849 999 mihi
875 947 976 1002 certa
1001 929 1181 1020 voluntas,

152 1043 377 1134 „Pulchrum
400 1043 540 1143 aliquid
566 1043 726 1118 caeleste
752 1047 863 1120 hodie
888 1032 1100 1150 permittere
1126 1052 1264 1126 nostris

152 1165 365 1264 „Agricolis
390 1166 486 1237 inter
512 1166 645 1238 solatia
666 1168 805 1240 rustica
828 1169 956 1242 vellem
969 1194 981 1260 3
1273 1187 1348 1255 350

152 1286 296 1385 „quue
320 1312 434 1386 rogo,
462 1303 499 1358 et
523 1313 692 1360 meruere
717 1288 817 1361 boni.
869 1267 952 1363 lain
977 1309 1147 1393 tempore
1171 1292 1285 1392 longo
1322 1313 1324 1320 '

151 1409 284 1508 „Quae
307 1409 462 1506 miseros
487 1407 596 1480 nobis
623 1408 840 1481 absentibus
865 1438 977 1511 aegra
1002 1413 1134 1514 fatiget

152 1530 278 1618 „Cura
302 1527 503 1629 laborque,
529 1530 643 1604 vides.
695 1529 849 1628 Quidni
875 1533 1092 1607 manifestus
1117 1552 1272 1633 uterquc

150 1649 358 1738 „Laetitiae
385 1650 534 1724 etludo
558 1648 720 1738 intentis,
745 1649 833 1721 dum
858 1653 992 1750 gaudia
1013 1654 1167 1744 ferrent,

149 1769 312 1868 „(ldqne
337 1789 445 1868 potes
471 1781 576 1858 nutu)
603 1795 731 1843 coram
755 1771 972 1871 improvisus
996 1773 1172 1847 adesset?
1257 1789 1342 1856 '355

149 1894 282 1991 „Quae
302 1891 370 1963 tibi
389 1888 523 1965 mens?
552 1891 642 1992 quid
653 1894 726 1982 ais,
751 1892 1059 1993 pulcherrime?“
1081 1898 1242 1969 Dixerat.
1269 1896 1344 1970 Olli

149 2015 240 2085 Dius
266 2039 371 2085 amor
395 2013 501 2113 (quid
526 2015 623 2084 enim
648 2016 757 2087 matri
781 2013 939 2115 negetl)
966 2016 1082 2090 ardua
1108 2018 1273 2116 quamvis

151 2134 412 2232 Grandinquc,
439 2150 549 2232 atquc
576 2135 722 2210 insueta
747 2155 996 2239 poposcerat,
1020 2163 1084 2210 ore
1112 2163 1245 2210 sereno

149 2258 306 2330 Annuit:
334 2273 444 2354 atque
470 2253 569 2325 diem
596 2255 750 2348 festum,
780 2275 816 2330 ct
841 2258 942 2331 bona
966 2257 1101 2357 gaudia
1124 2258 1220 2330 ruris

111 2467 113 2472 Δ
151 2377 329 2452 Claudere
355 2400 531 2448 successu
554 2375 660 2448 libuit
683 2378 842 2475 genialia
867 2379 973 2448 miro.
1270 2392 1339 2459 360

149 2497 318 2572 Assensit
346 2496 451 2569 coelo
479 2495 634 2568 Genitor
660 2522 808 2595 quoque
834 2519 994 2566 summus
1021 2494 1069 2567 ab
1096 2496 1183 2589 alto,

149 2620 267 2722 Altius
293 2618 380 2689 hinc
406 2641 512 2688 orsus
539 2641 635 2714 quae
660 2633 747 2716 post
772 2614 1012 2687 memoranda
1038 2641 1234 2693 canemust
1299 2603 1302 2610 ⁴

149 2746 392 2837 inventusque
418 2735 568 2824 modus,
596 2736 843 2834 condictoque
868 2751 1058 2835 tempora,
1085 2735 1185 2810 lusus

148 2865 323 2961 Agrestcs
349 2859 463 2947 inter,
491 2882 574 2927 sero
598 2874 685 2955 post
710 2857 868 2956 prandia
892 2856 991 2927 soler

149 2985 289 3054 Tantus
300 3005 403 3051 amor
416 2978 559 3078 patriae
568 3030 580 3067 ,
607 2995 717 3075 atque
733 2976 932 3050 absentein
948 2977 1101 3076 Virgine
1128 3005 1229 3053 cura.
1266 2993 1333 3060 565
1388 2975 1394 2998 ⁵

245 3078 322 3172 Iam
346 3099 480 3174 virides
506 3124 595 3197 ergo
620 3097 762 3196 platani
786 3097 988 3194 majoribus
1014 3098 1153 3170 umbris
1254 3120 1257 3126 ’

148 3221 319 3319 Undique
346 3235 550 3319 opacarant
574 3219 742 3289 bortum:
768 3235 843 3289 tres
870 3218 1017 3290 circiter
1043 3220 1157 3291 horae

147 3341 354 3414 Restabant
376 3338 559 3437 siquidem
584 3338 693 3428 solis,
717 3338 863 3437 fusique
887 3364 956 3438 per
980 3338 1146 3430 herbam,

53 3444 58 3455 ¹
147 3463 401 3560 Aggestasque
427 3460 552 3533 trabes
579 3484 709 3557 super,
736 3476 773 3531 ct
799 3461 866 3532 sub
891 3460 1023 3534 vitibus
1051 3461 1133 3531 altis

147 3581 344 3681 Agricolae
370 3583 498 3681 pransi
521 3582 596 3680 jam
614 3579 751 3651 dudum
775 3581 901 3652 taedia
925 3581 1062 3653 ventris
1263 3593 1332 3658 370

148 3701 425 3774 Distentiinter
454 3703 619 3774 serario
645 3727 813 3776 sermone
839 3700 1020 3773 levabant.

149 3822 238 3892 Cum
264 3823 387 3894 senior
410 3823 559 3921 juvenes
584 3822 705 3894 lentos
730 3824 768 3893 in
791 3839 895 3920 tcrga
919 3822 1083 3920 jacentes

147 4010 182 4060 V.
202 4013 261 4061 845.
281 4012 353 4062 Edit.
371 4012 494 4062 Veneta:
514 4013 634 4064 Plurima
653 4009 832 4073 contulerant,
849 4009 890 4056 stc
907 4007 1049 4057 Parthenia
1067 4019 1114 4058 ore
1131 4008 1239 4060 locuta:

147 4102 182 4151 V.
203 4104 262 4153 ³49.
281 4104 352 4152 Edit.
371 4104 493 4155 Veneta:
512 4105 656 4153 Pulchrum
675 4099 777 4161 aliquid
795 4099 895 4148 nostris
914 4099 992 4148 hodie
1010 4102 1177 4170 permittere,
1196 4105 1220 4154 si
1238 4103 1291 4166 fas,

147 4194 181 4242 V.
203 4195 262 4246 ³³8·
281 4195 352 4244 Edit.
371 4197 496 4252 Veneta:
516 4196 568 4245 Illa
585 4192 690 4257 quidem
710 4203 776 4252 pro:
797 4191 1039 4254 Grandiaqua.

147 4284 181 4332 V.
202 4287 260 4335 359.
280 4287 351 4335 Edit.
370 4288 469 4336 venet.
489 4299 536 4346 pro
557 4288 645 4336 burra
663 4267 796 4346 gaudia
814 4283 832 4330 l.
853 4284 990 4334 convlvia.

148 4377 182 4429 V.
203 4379 261 4427 ³68.
280 4378 352 4430 Edit.
370 4376 492 4426 Veneta:
510 4377 661 4426 Restabant
678 4359 754 4438 sotis,
774 4378 880 4440 lusique
899 4378 960 4427 binc
979 4377 1040 4426 inde
1060 4391 1109 4438 per
1126 4379 1245 4440 trentam,
