2960 4908
570 280 811 352 LIBER
859 280 906 355 V.

144 471 349 566 Terribilis,
373 473 651 550 vindaxensisr
683 474 793 550 simul
816 476 967 550 aethere
1000 475 1047 551 ab
1068 475 1146 551 alto
1241 485 1245 491 “

146 597 309 696 Quatuor
334 594 495 671 aventis
519 619 588 669 vox
610 613 746 695 magna
765 594 890 668 audita
908 619 978 696 per
1011 620 1137 672 cureat
1261 607 1333 686 430

146 715 205 787 Ad
230 717 355 807 chaos,
382 715 431 789 ad
454 734 617 818 puteum,
643 743 759 817 genus
783 715 941 805 exitiale,
974 713 1127 789 rebelle.

145 835 379 908 Horrendum
402 839 497 913 visu!
522 839 616 912 rima
640 839 772 936 ingens
797 846 883 910 aere
905 850 1033 934 aperta
1058 851 1128 925 est,

145 958 329 1055 Astraquc
355 958 431 1030 risa
456 958 558 1059 polo,
582 976 619 1032 et
650 957 843 1030 comitatus
868 955 1049 1043 Numinis,
1076 972 1114 1028 et
1137 980 1238 1030 mors

147 1075 264 1149 Ossea
288 1077 518 1177 praecedens
542 1081 581 1152 in
606 1102 715 1176 equo,
739 1077 1029 1174 innumeraeque
1056 1074 1242 1157 cohortes.

146 1196 228 1295 Quo
254 1197 332 1270 visu
357 1198 525 1273 turbatae
550 1200 664 1289 acies,
691 1223 806 1298 pavor
832 1197 969 1268 excitus
1001 1197 1131 1292 ingens
1139 1221 1153 1291 3
1264 1204 1336 1282 1455

147 1315 223 1387 Ceu
246 1317 401 1417 trepidis
426 1321 552 1395 avibus
578 1344 662 1394 cum
686 1317 846 1417 desuper
869 1315 1005 1413 ingruit
1038 1313 1106 1388 alis
1333 1309 1338 1322 ’

146 1434 303 1526 Milvius,
331 1455 393 1512 aut
416 1440 534 1514 vultur
557 1454 681 1514 rostro
705 1436 924 1537 improvisus
950 1434 1110 1509 obunco.

146 1555 269 1627 Prima
293 1555 418 1656 fugem
441 1561 554 1634 remis
579 1560 742 1658 velisque
776 1580 973 1656 capessere
997 1555 1133 1628 Amida

148 1675 268 1750 Trans
293 1676 450 1766 Casium,
478 1679 663 1770 etseras,
688 1677 933 1775 nimbosaque
959 1674 1119 1748 culmina
1144 1674 1276 1752 Tauriz

145 1798 254 1868 Parte
280 1799 353 1872 alia
376 1801 537 1899 Aegypti
561 1800 670 1875 turba
694 1804 815 1876 omnis
840 1795 955 1890 foeda
977 1797 1141 1869 Deorum
1268 1806 1340 1885 ilo

146 1918 190 1986 In
215 1915 358 1992 diversa
382 1920 479 1990 trahi
504 1920 624 2019 longis
648 1921 794 1992 invecta
822 1915 998 1992 colubris.

148 2035 207 2106 Ad
231 2053 349 2109 terras
371 2037 507 2136 reliqui
532 2037 743 2111 condensae
769 2033 958 2133 grandinis
988 2032 1107 2107 instar
1174 2087 1179 2096 .

148 2155 398 2255 Praecipitare
423 2174 544 2248 metu,
575 2154 667 2227 laxis
702 2155 884 2252 fugiamus
909 2151 1066 2222 habenis

38 2280 42 2288 ’
151 2273 233 2370 Qua
257 2273 343 2372 juga
366 2298 487 2373 prona
511 2273 652 2352 ferunt:
678 2290 776 2346 totus
800 2272 874 2344 ruit
898 2270 986 2361 axis,
1012 2271 1061 2345 ab
1087 2268 1163 2344 alto

150 2391 267 2463 Millia
291 2393 496 2493 myriadum
520 2394 694 2495 princeps
720 2392 832 2467 trahit
856 2392 1032 2490 armiger,
1064 2391 1146 2491 ipse
1268 2401 1340 2479 445

149 2510 376 2612 Bellipotens
401 2539 510 2586 curru
533 2515 754 2614 insequiturz
780 2512 894 2611 fugite
920 2537 1047 2612 ocyus,
1083 2539 1186 2586 arma

149 2633 291 2705 Exuite.
325 2634 422 2705 Hinc
446 2660 560 2734 pavor
587 2653 623 2707 ct
651 2633 776 2706 clades
798 2632 1014 2727 vastissima,
1040 2658 1112 2706 nec
1136 2633 1197 2709 fas·

150 2752 377 2852 Praecipites
398 2755 559 2826 retinere
583 2755 711 2831 minis:
736 2751 918 2828 fanaticus
945 2777 1049 2824 error

149 2871 277 2970 Usque
303 2871 398 2945 adeo
424 2874 583 2973 exagitat
607 2877 773 2952 miseros.
822 2871 931 2970 Fugit
955 2873 1054 2946 avius
1079 2873 1162 2973 ipse

153 2992 329 3091 Euphius,
356 3010 392 3064 ct
416 2993 545 3083 Bahal,
571 3011 609 3065 et
632 2991 839 3067 Belzebubt
870 3007 950 3063 ater
975 3006 1103 3064 euntes
1268 3002 1340 3080 450

155 3262 191 3313 V.
210 3265 271 3316 484.
290 3265 400 3315 Simul
418 3269 628 3320 aethereae
646 3269 731 3319 alto.
766 3261 817 3316 nt
834 3263 932 3317 Venet.
950 3266 970 3318 1.
987 3270 1045 3318 tum
1062 3278 1198 3318 murmure
1217 3267 1303 3321 claro.

155 3353 191 3405 V.
210 3355 271 3407 481.
293 3355 411 3407 chaos.
430 3357 479 3423 111,
498 3361 560 3411 481.
578 3361 631 3412 lto.
647 3359 747 3411 Venet.
765 3359 785 3410 1.
803 3358 929 3422 protrudi
944 3371 995 3422 pro
1012 3360 1170 3412 rebelle.

153 3444 190 3495 V.
208 3448 269 3499 448.
287 3447 422 3499 Amida.
441 3449 488 3515 111,
507 3452 569 3503 448.

153 3533 189 3587 V.
207 3537 269 3590 439.
289 3537 417 3590 castus
435 3518 699 3599 (sensuri-otras)
717 3552 793 3591 mons
802 3539 911 3606 Syriae,
930 3540 1091 3592 Antiochiae
1116 3543 1178 3594 urbi
1203 3542 1341 3593 finitimus.

327 3632 440 3682 Seres
469 3633 561 3695 populi
587 3633 717 3697 scythiae
751 3633 883 3682 asiaticae
913 3632 1063 3682 orientalis.
1106 3635 1242 3684 taurus
1264 3645 1342 3684 mons

292 3722 377 3772 Asiae
390 3723 523 3774 maximus
537 3736 555 3774 a
570 3726 658 3788 Lycia
672 3737 758 3788 usqne
772 3725 806 3774 ad
825 3727 962 3772 extremos
979 3723 1062 3774 Seres
1081 3724 1248 3788 perducitur,
1272 3723 1343 3774 mul-

294 3815 391 3875 tosque
406 3818 511 3865 montes
528 3816 555 3865 in
569 3818 685 3870 Boream
698 3819 727 3865 et
740 3817 866 3865 Austrum
878 3817 1026 3880 vergentes
1047 3815 1134 3867 velutl
1150 3826 1243 3866 ramos
1262 3815 1343 3868 emit·

295 3903 340 3951 414.
364 3903 430 3954 Ptin.
451 3911 477 3973 4,
496 3909 540 3974 47,
559 3910 602 3960 47.

154 3991 192 4047 V.
209 3993 270 4044 449.
290 3992 361 4043 nott.
380 3993 478 4046 Vauet.
498 4011 546 4059 pro
565 3999 721 4050 miseros
737 3999 758 4050 1.
778 3997 908 4059 trepidos.

156 4083 192 4135 V.
210 4086 273 4136 414).
290 4083 399 4134 Babel
421 4086 513 4138 fictum
534 4089 634 4143 diaboli
656 4101 763 4142 nomen.
806 4087 1045 4154 nuptarum,
1064 4088 1125 4141 888.
1166 4087 1342 4141 Belrehub

296 4170 506 4256 (Βεελζεβούλ)
539 4193 613 4244 Daue
639 4193 674 4244 ab
699 4190 871 4243 Accaronttls
901 4189 1001 4255 cultus,
1027 4193 1058 4240 ut
1080 4201 1189 4244 muscas
1208 4192 1341 4257 abigeret.

294 4280 720 4350 er.r.pr1nceprgeutcrrm
745 4284 879 4336 mucram
897 4286 1023 4334 vocam.
1051 4283 1147 4334 nata.
1171 4285 1215 4350 18,
1235 4285 1279 4334 st.
1297 4283 1343 4333 27.·

295 4371 380 4426 atero.
399 4375 427 4442 4,
443 4375 487 4428 44.
504 4375 572 4428 bus
591 4377 635 4444 11,
654 4379 698 4431 ts.
717 4378 759 4432 18.
780 4375 822 4430 44.

1115 4473 1141 4550 7,
