2960 4908
174 281 244 348 m
614 267 1029 350 LIBERVII..

271 463 342 536 Hei
365 461 472 535 mibi!
498 477 608 535 nocte
633 461 696 536 diu
718 462 818 564 vigili
845 462 948 562 (nam
971 477 1137 563 tempore
1162 461 1275 562 longo

176 568 334 656 Laetitia
355 585 559 656 insomnem
584 584 717 682 tenuit)
739 599 817 654 tum
839 581 989 656 roscida
1012 582 1169 684 primum

173 690 357 779 Attulerat
379 703 486 776 lassis
510 703 684 777 membris
710 729 842 775 aurora
868 703 1038 804 quietem.
1283 711 1357 782 275

174 825 329 922 Jamque
354 839 436 896 orto
461 823 540 896 sole
567 841 604 896 et
629 822 761 895 diffuso
785 823 922 894 lumine
946 821 1064 895 nostri

172 947 408 1016 immemores
434 945 528 1018 aliae
552 970 621 1045 per
644 943 761 1017 florea
783 968 871 1015 rura
895 941 1040 1043 puellae

173 1067 357 1140 Errabant
386 1065 491 1138 laetis
512 1063 745 1138 clamoribus.
794 1063 924 1136 Excita
948 1089 1077 1138 somno

173 1186 294 1259 Audio
318 1184 473 1287 garritus
499 1185 728 1283 confusaque
753 1209 939 1256 murmura
962 1208 1103 1257 vocum.

172 1308 287 1397 Hem,
311 1306 465 1398 Rachel,
489 1304 651 1394 Rachel,
677 1323 769 1402 quot
784 1305 831 1376 ‘in
856 1331 929 1376 uno
953 1305 1101 1404 persica
1122 1303 1249 1376 ramo!
1284 1314 1357 1384 280
1461 1297 1463 1336 *

173 1425 333 1500 Obella!
354 1426 423 1498 Hic
432 1425 566 1514 violae,
581 1423 776 1497 ¹hioviolae
790 1441 826 1496 et
834 1423 952 1525 fraga,
979 1425 1040 1497 bic
1061 1449 1210 1523 quoque
1228 1422 1335 1522 fraga
1342 1450 1355 1517 3

171 1548 230 1620 En
255 1571 405 1637 cerasa,
431 1571 480 1616 en
504 1544 606 1616 cedri
614 1572 627 1640 3
651 1545 774 1646 pueri,
800 1571 847 1617 ne
874 1545 1034 1645 carpite,
1058 1544 1221 1634 Zambri,
1462 1535 1463 1538 ¹

169 1667 188 1738 1
208 1690 369 1766 propere
395 1663 444 1738 ad
466 1681 642 1754 matrem,
666 1664 834 1737 calathos
859 1664 977 1759 ferat,
1004 1667 1150 1764 aspice,
1175 1665 1309 1755 Ebare,

171 1785 329 1885 Aspice,
353 1809 423 1884 per
447 1808 622 1883 superos,
646 1781 740 1855 baec
760 1783 909 1858 arbuta:
935 1784 1080 1884 suspice
1106 1785 1252 1881 Ruben,
1347 1789 1351 1800 '

172 1904 276 2004 Quae
300 1904 400 1977 mala
423 1901 597 1974 insistunt
619 1901 688 1972 tibi
711 1902 892 2000 pendula:
917 1907 1034 2002 Perge
1059 1903 1193 2003 puella,
1282 1919 1353 1988 285

170 2024 274 2124 Quae
299 2021 436 2095 mora?
461 2047 575 2122 perge
601 2021 693 2096 citos
725 2023 831 2120 Fugit
854 2022 918 2094 illa
942 2022 1126 2095 simillima
1148 2042 1279 2118 vento,

169 2145 308 2234 Mater,
332 2144 389 2219 io!
413 2143 612 2244 improvisa
636 2159 778 2236 aestas,
803 2142 978 2214 miracula
1004 2167 1138 2235 rerum,

170 2265 376 2363 Turgentes
392 2289 503 2354 uvae,
529 2288 623 2364 pyra
646 2287 831 2362 pomaque
857 2263 962 2334 natal
988 2261 1135 2335 Relicto

170 2381 295 2482 Ocyus
320 2407 341 2453 e
367 2399 483 2456 strato
500 2382 602 2455 miris
628 2380 729 2454 feror
757 2382 876 2452 excita
898 2381 1093 2458 monstrist

168 2504 363 2576 Nccmora
380 2501 511 2601 longa,
537 2498 667 2574 adsum
680 2527 763 2576 cum
781 2521 898 2574 matre
919 2500 1160 2578 etcorbibust
1183 2528 1258 2574 una
1283 2515 1354 2587 290

169 2618 416 2719 Consequitur
440 2620 610 2695 Zambris
636 2645 761 2712 soror,
787 2638 898 2721 atque
929 2623 1118 2723 incompta
1141 2624 1330 2715 Nohemis,

167 2740 240 2814 Vix
263 2765 415 2838 possum
439 2743 533 2812 baec
556 2765 765 2812 memorans
791 2741 962 2815 lacrimas
985 2744 1144 2814 retinere
1166 2743 1354 2824 cadentes.

168 2858 352 2933 Tolbmus
377 2857 427 2932 ad
451 2856 596 2930 coelum
616 2857 779 2957 palmas,
813 2859 1092 2959 stupefactaque
1119 2861 1254 2935 circum

168 2980 326 3053 Lumina
347 3003 548 3058 versamus.
600 2978 694 3050 Sunt
717 2979 811 3049 haec
836 2979 1011 3053 coelestia
1035 2978 1146 3072 dona,

153 3081 272 3199 ‘Quae
296 3098 460 3198 tetigisse
485 3097 612 3190 nefas,
638 3100 690 3172 ait
714 3100 817 3173 Abra
830 3127 842 3194 3
867 3101 1006 3173 intacta
1030 3100 1192 3174 feramus
1278 3113 1350 3201 295

166 3218 343 3293 Betblaeo
368 3218 522 3291 Infanti:
548 3217 661 3292 Foliis
686 3221 848 3294 insterne
875 3221 1080 3319 quasillum,

167 3336 354 3438 Sephoraz
379 3363 443 3411 vos
468 3336 602 3430 violas,
628 3365 692 3411 vos
717 3340 861 3440 porgite
886 3339 1010 3440 fraga,
1036 3340 1202 3442 puellae,

165 3458 264 3546 Vos,
289 3457 459 3553 juvenes,
483 3457 622 3529 truncis
648 3460 826 3551 insistite,
853 3460 1017 3558 citraque
1043 3460 1150 3534 nobis

165 3575 323 3674 Dejicite
350 3601 394 3646 ex
419 3576 505 3649 alto.
555 3579 730 3651 Insistunt
751 3579 950 3652 ramalibus
976 3579 1085 3653 ambo

166 3697 339 3768 Protinus
366 3696 496 3766 exertis
522 3696 699 3770 Jonatbas
726 3716 763 3771 et
784 3702 887 3772 Beno
911 3699 1081 3774 lacertis:
1278 3711 1352 3780 300

170 3815 286 3888 Cerea
309 3840 428 3916 pruna
453 3814 590 3888 cadunt
613 3817 868 3920 melimelaque
892 3809 1025 3920 perlita
1048 3841 1153 3896 roret

166 4061 202 4114 V.
221 4065 283 4116 280.
301 4065 372 4115 Edit.
391 4066 488 4118 venet.
507 4067 595 4118 addit:

371 4157 485 4208 Latratu
502 4156 575 4210 testo
593 4159 768 4223 sequiturque
787 4160 900 4212 catellus
921 4165 1038 4212 cuntem.

165 4243 200 4294 V.
220 4245 281 4298 tat.
300 4244 371 4297 Edit.
389 4246 486 4297 venet.
505 4252 605 4300 mutat:

373 4337 552 4405 consequitur
568 4355 648 4395 soror
665 4348 746 4406 atque
764 4343 890 4395 incentis
908 4346 979 4398 Sara
996 4343 1112 4408 capillis·
