2960 4908
518 293 758 364 LIBER
806 292 867 366 Vl.

117 499 218 570 Arva
240 507 369 591 tegunt
388 489 497 590 pictis
522 487 683 561 tentoria
706 488 826 562 serica
851 486 952 561 velis.

118 617 223 704 Heu,
250 637 345 713 quae
369 627 448 681 tum
471 609 628 680 miserae
653 608 791 698 facies,
813 633 909 706 quae
934 622 1021 681 tota
1012 609 1211 744 patentis

118 734 264 806 Italiae!
290 734 382 820 heu,
408 730 563 869 propip'r
588 729 758 802 flammae
778 727 912 829 quibus
939 679 1046 798 anxia
1073 729 1171 801 curis

120 853 254 925 Litoris
280 851 432 923 Adriaci
456 852 605 951 regina,
614 850 790 948 urbsque
816 847 913 920 alma
938 846 1093 947 Quirini,

122 975 277 1071 ignarae
301 969 390 1070 quid
416 971 495 1044 fata
518 989 668 1072 parent,
696 996 770 1070 quo
791 966 959 1066 pondere
984 971 1155 1066 vergant!
1239 987 1309 1053 335

122 1095 193 1192 Qui
218 1092 393 1190 gemitus,
421 1117 516 1190 quae
542 1091 642 1164 fama
669 1115 797 1164 omnes
819 1088 917 1160 male
942 1087 1014 1159 fida
1038 1113 1108 1187 per
1128 1089 1261 1164 urbes!
1289 1189 1292 1194 1

119 1213 323 1285 Posteritas
350 1211 401 1310 (si
426 1237 503 1283 non
527 1238 611 1285 sera
636 1212 702 1284 illa
730 1228 967 1308 extremaque
991 1208 1119 1280 mundi
1145 1235 1198 1301 es,

124 1331 257 1404 Visura
281 1329 463 1404 excidium
486 1333 629 1431 rerum)
655 1357 703 1402 ne
728 1330 818 1403 talia
838 1355 973 1429 speres.

122 1453 239 1522 Posse
264 1450 337 1522 tuis
360 1452 602 1524 memoranda
626 1451 721 1523 adeo
743 1452 958 1551 contingere
984 1451 1105 1528 seclis.

222 1573 323 1644 Ecce
347 1587 470 1642 autem
491 1572 593 1672 picta
618 1573 657 1643 in
681 1573 831 1647 summis
851 1571 1091 1670 laquearibus
1118 1569 1202 1644 aula
1241 1581 1313 1658 340

124 1688 294 1761 Numinis
319 1708 492 1790 apparet,
517 1715 685 1791 puraque
710 1693 749 1763 in
774 1708 876 1765 veste
903 1690 1089 1767 Sacerdos

121 1809 299 1880 Maximus
325 1807 449 1882 effusis
473 1810 668 1912 lacrymis,
695 1829 862 1884 avertere
888 1812 1036 1885 cladem

122 1926 163 1998 Si
189 1945 318 2027 queat3
342 1945 380 2000 et
406 1929 543 2003 Caesar
570 1932 723 2032 supplex
748 1936 989 2030 Angustaque
1014 1932 1163 2030 conjux,

118 2052 167 2121 Et
191 2049 270 2120 nati
296 2047 453 2148 gemini,
480 2065 591 2146 atque
617 2049 736 2121 omnis
763 2051 965 2122 Germania
988 2073 1175 2143 moerens,

119 2169 428 2267 Hungaricusque
442 2165 572 2238 aderat
588 2169 719 2238 Dirum
729 2169 876 2257 chorus,
901 2170 1059 2267 ipsaque
1078 2170 1218 2270 sceptri
1243 2179 1312 2256 545

119 2288 328 2358 Pannonici
353 2301 478 2356 custos
503 2285 620 2384 Virgo
629 2287 884 2386 ,veniamque
910 2287 1105 2388 rogabant.

120 2409 292 2507 Namque
317 2407 387 2479 hos
414 2432 434 2479 e
461 2407 567 2480 coelo
594 2409 819 2509 armipotens
845 2407 1037 2506 objecerat
1061 2410 1205 2509 aegris,

121 2528 303 2598 Terrores
324 2528 473 2628 populis
496 2529 628 2601 Dirum
652 2532 761 2601 Pater
787 2547 899 2626 atque
924 2531 1113 2602 hominum
1136 2534 1227 2618 Rex,
1283 2581 1288 2590 .

120 2648 222 2721 Vota
247 2647 435 2720 auditurus
459 2649 681 2722 miserorum
704 2665 742 2720 et
765 2650 866 2748 jacta
890 2649 959 2721 sub
987 2674 1094 2720 auras

70 2755 73 2761 โต
120 2770 302 2839 Lamenta
327 2786 363 2841 ct
390 2769 566 2868 gemitusz
593 2765 704 2868 Queis
722 2765 882 2866 denique
906 2786 1038 2860 motus,
1066 2769 1113 2844 ab
1140 2768 1215 2844 alto
1240 2785 1312 2853 550

119 2890 282 2961 Aethere
306 2889 562 2989 prospiciens,
589 2888 717 2961 oculos
743 2886 792 2960 ad
816 2889 964 2961 moenia
988 2891 1098 2962 torsit

120 3009 203 3081 lam
227 3027 376 3081 centum
400 3009 574 3109 perfossa
597 3009 710 3081 locis:
737 3004 846 3078 simul
871 3007 1030 3104 armiger
1049 3007 1138 3080 Ales

119 3131 219 3200 Aere
242 3153 332 3200 cavo
357 3129 520 3201 insonuit
527 3182 539 3219 ,
562 3128 684 3202 sonitu
710 3149 821 3224 quem
845 3125 989 3199 Vistula
1014 3127 1124 3228 longe

121 3247 248 3318 Audiit
274 3265 384 3346 atquc
409 3251 596 3349 Hypanis,
622 3245 808 3346 gelidique
832 3247 1072 3344 Borysthenis
1098 3249 1218 3341 unda3

121 3367 248 3440 Audiit
273 3386 311 3439 et
334 3367 446 3468 longe
472 3370 615 3443 nivibus
643 3366 865 3466 glaciallibus
890 3353 1048 3440 horrens
1239 3385 1317 3458 5ยน55,

121 3637 156 3689 V.
177 3641 237 3694 881.
256 3641 409 3693 Litoris
426 3645 584 3695 Adriani
602 3642 763 3703 (Adriatici)
782 3645 952 3708 reginei.
972 3660 997 3697 e.
1016 3647 1159 3698 Venetiae.
1178 3642 1227 3707 Vl,
1248 3643 1309 3692 808.

295 3733 390 3784 Urbs
418 3736 510 3789 alma
528 3736 710 3798 Quirini
702 3751 720 3785 1.
749 3749 772 3785 o.
792 3737 908 3787 Roma.
946 3732 1309 3824 Quirinusnomeuliomuii,

260 3823 306 3884 qui
323 3826 437 3877 itonam
455 3829 609 3880 condidisse
626 3829 721 3878 femur.
739 3826 796 3878 cio.
815 3829 895 3880 tusc.
915 3829 942 3892 1,
961 3832 1004 3882 12.

121 3913 157 3964 V.
176 3913 237 3967 811.
256 3914 431 3968 sacerdos
457 3921 635 3970 Maximus
673 3921 691 3970 i.
719 3933 744 3969 e.
778 3920 1022 3972 innocentius
1051 3921 1100 3970 xl.
1133 3915 1309 3977 (Benedictus

261 4004 435 4068 Odescelchi)
453 4017 510 4063 net.
531 4014 610 4079 1611,
629 4011 755 4062 Pontifex
772 4014 845 4062 Max.
866 4011 976 4062 oreatus
995 4013 1074 4068 idid.
1093 4012 1173 4059 mort.
1194 4009 1271 4060 lost.

119 4095 155 4146 V.
174 4099 235 4148 818.
256 4093 395 4148 caesar
410 4105 568 4164 supplere
585 4104 606 4153 i.
626 4115 651 4152 e.
669 4103 823 4164 leopoldus
840 4103 861 4153 L
881 4102 939 4153 cir.
959 4103 1007 4169 vi,
1027 4104 1086 4153 306.

119 4189 155 4241 v.
175 4193 236 4243 888.
254 4189 402 4242 Vistula
420 4193 587 4254 [Weictrset]
617 4193 716 4244 durias
743 4195 906 4245 Germaniae
935 4195 1094 4261 orientalis,
1121 4205 1200 4258 quan
1219 4204 1237 4243 a
1255 4191 1307 4240 Po-

259 4281 333 4332 ionie
350 4283 539 4346 disterminat,
559 4285 746 4348 triticumque
763 4297 839 4336 mare
857 4286 935 4347 petit.

119 4373 155 4424 V.
174 4377 234 4427 stt.
253 4375 432 4442 Hypanis,
451 4378 709 4441 Borysthenes.
748 4377 804 4429 Cir.
824 4375 859 4442 V,
878 4378 938 4429 att.
