2990 4906
602 212 843 356 thssER
890 284 951 356 111.

170 483 232 556 Lis
257 480 308 553 ita
335 476 566 578 compositae
591 479 642 552 Ut
664 481 822 580 primum
846 477 1059 552 discrimino
1081 481 1209 556 Martis

170 601 342 701 Principe
370 597 437 671 sub
464 597 594 698 Stygio
621 599 785 674 collectis
809 600 945 676 viribus
970 625 1098 673 omnes

175 719 388 798 Concordes
413 717 561 813 ineant,
588 718 648 792 siu
673 747 759 794 vero
783 745 965 822 prospera
986 744 1133 820 pugnae

173 843 263 916 Sors
289 831 408 913 minus
435 836 630 930 acciderit,
654 864 726 912 nec
750 839 820 913 soli
844 839 1025 913 obsistere
1049 839 1204 939 possint,

170 966 278 1035 'I'unc
302 957 434 1058 aliquis
461 958 607 1031 demum
630 958 779 1033 mortali
804 984 824 1030 e
850 960 1026 1053 sanguine
1051 976 1184 1051 cretus,

170 1081 336 1154 Foedere
362 1080 578 1178 conjuncto,
602 1079 691 1153 belli
716 1078 927 1152 moderetur
947 1079 1124 1167 habenas,

171 1199 429 1297 Succedatque
455 1201 571 1272 oneri.
622 1200 829 1272 Clamorem
850 1198 898 1270 ad
922 1199 1046 1272 sidera
1069 1198 1203 1272 tollunt
1284 1212 1354 1290 485

171 1323 336 1394 Assensu
359 1319 551 1394 unanimes
578 1319 713 1395 cuncti.
763 1320 841 1389 'I'er
864 1316 1011 1388 flumine
1037 1317 1136 1391 salso

171 1427 223 1511 Et
243 1440 328 1538 pice
352 1437 526 1536 liquenti,
554 1456 611 1511 ter
637 1423 790 1538 plumbo
816 1452 853 1508 et
877 1435 1049 1536 sulphure
1074 1438 1154 1539 regi

173 1556 323 1630 Inferno
345 1555 483 1648 libant,
510 1575 568 1630 ter
592 1557 688 1658 nigri
712 1555 800 1628 felle
822 1547 965 1630 veneni.

174 1679 269 1748 Tum
295 1677 452 1750 choreae
479 1703 659 1752 enormes.
711 1677 878 1776 Quatuor
902 1676 1215 1769 cacodaemones,
1242 1680 1325 1753 orbi

170 1797 324 1868 Lumine
349 1812 519 1896 utroque,
544 1797 685 1872 hirsuto
710 1795 878 1896 pectine,
903 1815 1076 1898 pegmate
1100 1798 1147 1872 ab
1174 1799 1249 1872 alto
1287 1810 1361 1888 490

173 1915 376 1988 Sambueas
403 1915 551 1991 chordis
576 1918 826 2018 gravioribus,
854 1935 891 1990 et
914 1918 1170 1992 monochorda

172 2036 374 2108 Unanimes
399 2033 548 2108 feriunt.
598 2037 758 2110 Pedibus
783 2037 908 2109 tremit
930 2037 1005 2110 icta
1029 2035 1182 2110 bisulcis

171 2155 333 2228 Saltibus
361 2171 398 2226 et
421 2155 564 2253 maguis
589 2155 722 2231 tellust
746 2156 945 2228 ululatibus
972 2172 1104 2254 antro⁸

170 2275 294 2374 Atque
320 2298 431 2346 carae
455 2289 634 2345 resonant
654 2273 779 2348 valles.
807 2276 929 2365 Nae,
958 2272 1067 2346 turba
1090 2275 1333 2350 Acherontis!

175 2398 256 2470 Vae
280 2392 367 2484 tibi,
392 2389 519 2491 vulgus
541 2391 660 2471 iners!
684 2418 772 2483 vae,
802 2393 908 2494 nigra
934 2394 1100 2466 examina
1116 2387 1240 2469 Ditis!
1291 2407 1362 2486 495

134 2515 136 2520 ’
177 2519 252 2589 Tot
275 2513 468 2614 strepitus,
493 2528 549 2585 tot
573 2530 720 2613 spectra
741 2513 855 2588 Erebi
879 2541 953 2616 qno
980 2514 1139 2614 denique
1163 2536 1327 2617 vergant,

174 2616 351 2736 Expecta.
401 2634 506 2708 Juvat
528 2632 626 2707 hanc
652 2632 781 2707 animis
806 2633 918 2707 modo
942 2652 1087 2735 tergere
1112 2637 1259 2730 nubem,

175 2761 299 2856 Atque
322 2779 444 2826 mcum
469 2751 591 2844 sidus,
617 2753 845 2853 nitidumque
870 2756 1030 2829 revisere
1055 2755 1184 2847 solem,

177 2879 296 2978 Quem
321 2873 455 2948 dudum
483 2873 582 2944 baud
605 2872 714 2950 video
740 2875 885 2948 nebulis
910 2875 1073 2949 inclusus
1100 2877 1242 2976 opacis,

178 2996 323 3095 Vixque
347 2993 440 3068 adeo
465 2994 629 3085 intueor,
654 2993 807 3091 fuligine
831 2995 965 3095 plenus
991 3009 1028 3066 et
1051 2992 1204 3068 umbris.
1294 3009 1365 3078 500

177 3227 212 3278 V.
230 3231 293 3283 49³,
311 3228 382 3277 Edit.
397 3227 495 3278 venet.
515 3218 566 3286 bro
583 3227 619 3275 st
643 3199 821 3290 maguts'l.
836 3226 979 3278 horrificis.

176 3327 212 3380 tt.
227 3332 289 3383 494.
317 3329 489 3379 Acheron
513 3328 561 3385 (ab
583 3339 602 3378 a
630 3327 701 3390 μιν.
724 3333 752 3377 et
777 3310 865 3396 χαρά,
884 3329 1025 3396 gaudium)
1050 3327 1150 3382 navtur
1181 3327 1332 3381 Interamn
1348 3341 1368 3382 o

316 3420 405 3488 poetis
421 3420 509 3470 dictus
532 3430 615 3482 saepe
635 3431 685 3482 pro
706 3419 775 3484 ipsis
795 3421 895 3474 Inferis
919 3423 1035 3488 noman.
1070 3423 1151 3476 Serv.
1167 3423 1236 3476 Aen.
1253 3423 1282 3492 ⁰,
1305 3421 1367 3477 tot·

318 3514 376 3566 Cic.
393 3512 422 3562 ln
439 3516 527 3563 senat.

319 3607 390 3659 Edit.
409 3604 508 3655 Venet.
522 3603 608 3669 legit:

384 3697 589 3760 umbrosaeque
606 3693 704 3746 sonant
715 3691 813 3745 valles.
