2960 4908
491 211 827 285 LIBERVI.
924 243 927 252 ·

117 394 328 502 Candidior,
355 410 572 515 nivibusque
596 405 798 509 perennior
821 405 1056 506 Appennini,

10 513 11 590 {
117 539 216 612 Alba
241 558 352 633 super
376 529 475 604 fulva
500 554 649 628 quoque
672 527 782 601 lanea
805 525 920 628 pallia
944 543 1058 617 veste,

121 654 297 730 Sandalia
321 653 360 723 in
384 651 555 756 pedibus3
581 647 760 747 viridique
786 649 942 744 intortus
968 645 1065 720 oliva
1129 703 1132 714 .

119 775 301 850 Nectebat
323 799 446 844 ramus
468 795 573 844 raros
600 768 648 842 ad
672 786 841 869 tempora
866 768 1000 842 crines.
1266 779 1311 848 95

119 901 165 969 Et
188 913 265 968 tum
291 891 499 964 frondifero
526 889 594 963 sub
620 890 781 988 tegmine
807 888 904 962 forte
929 887 1111 962 sedebant
1209 947 1212 954 .

118 1014 305 1118 Juniperi;
333 1012 468 1110 gemini
492 1037 579 1084 vero
604 1036 673 1110 per
698 1009 813 1080 ssorea
838 1027 946 1108 prata

116 1139 266 1208 Interea
292 1132 466 1204 errabant
488 1130 604 1229 pueri.
655 1131 779 1202 Bonus
805 1124 1064 1202 incolaMatri
1154 1202 1163 1218 Ι

116 1255 297 1360 Hospitae
325 1276 480 1322 amoena
504 1250 601 1339 loca,
629 1267 740 1349 atque
766 1248 845 1320 aevi
871 1245 1114 1319 celeberrima
1143 1269 1339 1346 quaeque·

118 1370 351 1450 Monstrabat
373 1369 497 1468 digitis
520 1368 630 1466 longe
656 1368 881 1440 monimenta
904 1367 1054 1442 vetustit
1242 1379 1313 1448 100

120 1490 191 1561 1113
214 1487 345 1589 procul
367 1488 454 1588 juga
481 1487 583 1560 celsa
606 1486 708 1562 vides
733 1486 935 1585 silvamque
962 1501 1181 1576 comantem,

121 1611 225 1708 Quae
253 1609 367 1680 solem
389 1607 500 1704 tegit,
518 1609 777 1705 ingentemque
803 1607 875 1676 huc
894 1605 1045 1706 projicit
1068 1603 1264 1678 umbram?

118 1728 196 1800 Illis
221 1729 259 1798 in
286 1726 436 1798 latebris
461 1709 574 1798 mis'er
598 1725 719 1798 Adam
745 1742 781 1796 et
803 1725 914 1796 noxia
940 1727 1075 1826 conjux
1139 1817 1145 1828 Ι

10 1845 23 1938 ι’
118 1847 308 1920 Delituere
334 1845 443 1918 ambo
473 1845 582 1917 velati
606 1845 821 1936 frondibus,
847 1847 1018 1920 haustum

41 1978 66 2029 -’
117 1967 283 2040 Lethalis
308 1973 411 2064 pomi
434 1967 541 2036 simul
566 1991 610 2036 ao
637 1988 787 2036 sensere
812 1989 1007 2036 venenum.
1178 2022 1182 2031 f
1243 1981 1313 2050 105

10 2121 12 2164 ,ι
117 2093 176 2162 En
202 2088 267 2161 ubi
295 2087 451 2161 detersis
479 2086 596 2158 oculis
622 2108 752 2156 somno
781 2084 920 2156 excitus
941 2090 1056 2158 Evam

97 2213 320 2307 .Egressam
339 2206 457 2278 latere
485 2204 691 2302 obstupuit:
718 2202 786 2275 sub
813 2202 971 2275 collibus
1000 2202 1073 2278 illis
1109 2295 1112 2300 ,

120 2326 255 2398 Infelix
280 2324 523 2397 famulantum
547 2325 643 2396 inter
668 2348 784 2421 genus
810 2349 919 2396 omne
943 2325 1106 2398 ferarum

120 2447 211 2519 Jura
235 2443 506 2534 dabatbrutis,
534 2461 571 2516 et
595 2444 744 2516 nomine
771 2471 940 2544 quaeque
965 2446 1135 2520 vocabat.

122 2565 236 2636 Talia.
256 2547 444 2641 narrabat.
495 2563 561 2636 Cui
584 2561 778 2637 Parthenia
805 2565 923 2660 alma,
949 2565 1069 2638 beatis
1244 2578 1315 2646 110

119 2684 274 2757 Deliciis
299 2702 408 2784 capta
434 2711 623 2783 agrorum,
649 2685 884 2783 nemorisque
908 2687 1110 2788 propinqui

119 2805 325 2903 Respirans
349 2831 494 2895 auram,
521 2833 631 2880 roseo
657 2807 712 2880 sic
738 2832 803 2880 ore
828 2805 971 2878 locuta:

120 2926 238 2998 Multa
264 2926 353 2997 mihi
376 2951 491 3025 porro
516 2928 736 3024 peregrinae
763 2925 948 3020 edissere,
975 2943 1088 3016 vates,
1227 3025 1231 3028 -

122 3043 345 3120 Jamdudum
369 3043 426 3116 his
451 3062 597 3116 assuete
623 3045 735 3134 locis,
763 3068 858 3140 quae
882 3044 978 3114 scire
1005 3043 1150 3117 laboro.

121 3169 179 3240 Ae
203 3165 307 3264 prius
332 3165 506 3236 hesterno
532 3163 682 3236 lethalia
707 3188 860 3262 vespere
886 3163 958 3237 ridi
1242 3177 1313 3244 115

121 3287 259 3372 Poma,
286 3283 474 3356 venenatis
499 3284 606 3383 vulgo
633 3283 876 3357 celeberrima
903 3285 1042 3380 succis,

121 3405 231 3478 Unde
257 3404 336 3475 lues
363 3428 477 3502 genus
503 3404 630 3476 infelix
656 3405 789 3478 diffusa
810 3431 880 3506 per
905 3431 1033 3478 omne:

121 3530 191 3600 Ast
217 3549 261 3598 ea
288 3521 539 3616 credideram,
557 3525 697 3620 fateor,
723 3525 972 3626 pulcherrima
997 3525 1130 3625 longe3

122 3651 254 3743 Longe
281 3647 389 3719 aliam
416 3647 579 3746 speciem
603 3645 732 3736 rebar,
760 3672 856 3746 quae
883 3664 1034 3746 cogeret
1058 3646 1156 3718 ultro

123 3767 260 3838 inritas
287 3766 333 3838 ad
356 3767 453 3840 furta
479 3794 630 3840 manus=
657 3766 708 3837 nil
733 3767 827 3856 tale,
852 3793 923 3839 nec
948 3767 1042 3838 ullas
1244 3771 1315 3842 120

124 3885 325 3958 illecebras
335 3938 345 3974 ,
372 3915 463 3985 quas
489 3888 746 3977 famarefert,
783 3887 851 3960 sub
876 3906 1029 3988 pectore
1056 3882 1167 3958 sensi.

124 4055 540 4068 -—---—--——-.-—-.-

126 4137 161 4185 V.
179 4139 224 4188 92.
243 4137 459 4200 Apenninus.
478 4139 514 4207 V,
533 4144 593 4194 156.

125 4226 160 4276 V.
181 4229 241 4280 108.
259 4229 309 4280 Ed.
327 4228 397 4279 Ven.
415 4229 496 4296 legit:

265 4314 323 4371 nm
336 4319 365 4372 13
373 4320 488 4372 latebris
499 4324 596 4392 Adon,
615 4329 643 4376 et
652 4325 724 4378 male
736 4326 848 4378 emaum
856 4322 968 4394 conjux.
