2990 4906
589 297 905 372 LIBERI.
1296 310 1341 377 21

162 499 209 567 Et
233 492 353 593 digitis
378 511 585 568 monstrare
610 492 752 584 locum,
778 509 816 565 et
839 490 1055 592 promittere
1080 509 1201 566 certos
1272 502 1342 579 515

163 615 436 714 Quamprimum
458 615 496 686 in
520 614 677 714 patriam
702 613 840 686 reditus
852 641 866 708 3
892 629 1003 711 atque
1028 613 1180 714 insuper
1204 611 1345 688 addunt

161 733 343 809 Juditham
368 733 456 806 Jesu
480 733 721 834 desponsam,
745 735 841 806 hane
863 733 1005 806 nubere
1030 735 1141 808 certis

158 857 351 929 Promissis
376 859 507 929 Puero.
556 860 651 928 'I'um
675 854 778 926 facta
800 853 945 926 silentia
970 852 1115 953 linguis,

157 977 392 1074 injectusque
417 1002 532 1077 pavor
537 1029 549 1068 ,
576 977 771 1078 sopitaque
792 975 913 1075 jurgia
936 991 1136 1060 amantum,

155 1097 261 1170 Illico
286 1095 534 1198 deproperant
558 1098 726 1171 certatim
752 1123 772 1170 e
798 1096 895 1170 colle
918 1095 1048 1168 virenti
1273 1108 1344 1176 55⁰

156 1217 382 1316 Praecipites
390 1268 402 1306 ,
429 1217 582 1290 ducibus
605 1218 742 1317 pueris.
791 1216 866 1288 Ubi
889 1215 1007 1288 vero?
1030 1215 1095 1289 ubi
1119 1211 1225 1290 risa?

158 1332 316 1407 Solliciti
340 1336 544 1434 intentique
568 1353 712 1434 rogant.
761 1333 820 1405 Illi
847 1334 972 1406 omnia
997 1335 1135 1405 circum

157 1454 350 1554 Vestigare
376 1455 513 1530 oeulist
538 1455 608 1526 Hie
632 1455 789 1554 primum
815 1454 962 1554 objecta
987 1455 1164 1550 Monaesi,

157 1571 228 1644 Hic
254 1564 341 1646 erat
391 1578 460 1649 Ast
483 1574 559 1646 illie
581 1575 657 1673 jam
682 1573 767 1648 fons
793 1591 988 1674 argenteus
1013 1573 1114 1646 unda

151 1693 361 1794 stagnabat
387 1697 519 1786 vitrea3
542 1695 750 1794 violaeque,
772 1720 955 1794 rosaeque
980 1696 1146 1768 marinae
1273 1709 1343 1776 555
1380 1776 1385 1784 ¹

156 1811 237 1911 (Sic
261 1815 342 1888 Itali
368 1815 559 1916 appellant
583 1813 706 1916 albas)
733 1835 932 1892 cernuntur
957 1819 995 1892 in
1020 1818 1148 1892 herba.

152 1932 220 2005 Illa
237 1951 361 2008 tamen
384 1961 456 2008 nec
479 1962 547 2036 per
576 1936 709 2008 salices
735 1939 925 2035 quaesita,
952 1965 1024 2012 nec
1048 1939 1146 2010 inter

147 2053 281 2127 Pineta
306 2072 344 2128 et
367 2054 519 2144 larices,
541 2055 747 2150 iterumque
771 2056 977 2155 iterumque
1001 2072 1134 2131 vocata

152 2171 229 2244 Ulli
252 2199 409 2270 usquam
432 2198 615 2270 responsa
640 2172 763 2242 dabat.
813 2174 959 2263 Viden’,
985 2173 1156 2262 Ismaris,
1181 2173 1304 2244 illam!

149 2290 315 2374 ¹Eccilla!
338 2292 389 2362 At
413 2290 535 2363 subito
562 2315 605 2361 ex
629 2286 745 2361 oculis
772 2291 934 2370 eranuitt
960 2307 999 2362 at
1022 2317 1107 2363 mor
1269 2307 1340 2375 560

153 2413 245 2484 Visa
267 2411 398 2483 iterum
423 2410 503 2482 tilia
526 2434 636 2509 super
662 2405 757 2482 alta:
783 2411 920 2484 atrise
945 2407 1091 2510 refugit.

154 2534 212 2602 En
235 2557 382 2603 rursum
405 2531 447 2603 in
470 2529 621 2630 stagno!
655 2530 829 2602 Rachelis
853 2528 922 2604 sed
943 2529 1014 2602 tuit
1038 2555 1143 2604 error
1149 2559 1163 2627 3

152 2654 322 2752 Namque
346 2668 425 2725 erat
447 2650 486 2722 in
510 2649 629 2738 nube,
655 2666 692 2721 et
714 2651 832 2724 vitreo
857 2650 1062 2750 apparebat
1082 2653 1122 2724 in
1148 2677 1257 2724 amne

152 2773 233 2844 Nec
259 2770 392 2843 deinde
417 2770 568 2842 ulterius
591 2769 668 2843 visa
693 2769 768 2845 ulli.
818 2773 869 2843 At
891 2770 1010 2844 territi
1036 2790 1201 2874 agrestes

154 2891 326 2964 Collectis
352 2888 473 2963 cedris
499 2880 726 2962 silvestribus
750 2907 861 2987 atque
881 2891 1045 2987 ligustris
1266 2909 1336 2976 565

153 3011 338 3084 Juditbam
357 3011 443 3083 Jesu
464 3007 686 3108 desponsam
708 3011 779 3080 rite
804 3009 1013 3099 sacrabant,

151 3134 273 3230 Ignari
299 3147 436 3231 quanto
462 3155 502 3201 se
526 3130 673 3200 nomine
699 3128 805 3201 tollet
830 3128 877 3200 ad
904 3145 1002 3202 astra

152 3251 325 3322 Bellatrix
351 3248 535 3349 quondam
544 3275 557 3341 3
584 3265 758 3343 quantum
783 3248 880 3321 foret
900 3249 1016 3320 ardua
1034 3249 1177 3350 palmas

153 3369 339 3444 luditham
364 3393 474 3468 super
498 3367 703 3465 antiquam3
731 3393 899 3468 quaeque
923 3369 1051 3442 inclita
1074 3395 1199 3444 rerum

151 3492 246 3564 Hinc
271 3490 385 3562 series
412 3490 549 3561 oritura
570 3487 721 3586 ingens,
747 3489 887 3561 Jesseia
909 3507 1107 3589 postquam
1262 3509 1335 3576 570

151 3611 341 3683 Parthenis
366 3610 405 3681 in
428 3609 569 3710 patrios
593 3603 845 3709 remigraverit
869 3611 966 3683 alma
982 3628 1151 3710 penates.
1340 3603 1345 3610 ¹

151 3819 185 3871 V.
204 3822 265 3873 ³6⁹.
282 3821 465 3871 Judlthem
483 3830 594 3881 snper
616 3819 803 3881 enttqnsn
820 3821 881 3870 scil.
908 3821 991 3871 tiliam
1010 3820 1113 3871 Morari
1135 3818 1272 3872 celebrem
1297 3827 1333 3876 ob

288 3913 442 3978 liberatem,
460 3921 540 3975 quam
558 3909 722 3960 Holofernae
739 3912 890 3980 obsidebat,
910 3912 1070 3965 natantian.
1091 3909 1218 3962 Clrdibr.
1229 3912 1331 3967 latita.

151 4024 185 4075 V.
203 4028 264 4077 570.
282 4023 442 4075 serrata.
461 4021 519 4076 Gl'r.
537 4023 585 4074 lib.
604 4021 627 4090 1,
644 4023 705 4073 8⁰4.

591 4228 875 4272 «σω»-
