2960 4908
604 205 850 276 LIBER
890 203 954 282 lx.
1300 219 1382 288 -169

293 401 429 503 Ergo
417 426 458 473 ιιι
481 397 636 472 delubro
661 401 816 500 au'gusto
840 397 1068 502 Solymeis
1045 399 1095 471 ιιι
1118 399 1211 474 urhe

192 522 395 601 'I'nrhum
384 539 480 594 inter
505 522 769 622 strepitumque
794 523 889 607 Puer
913 519 1088 620 regnator
1113 520 1263 623 Olympi
1311 539 1382 608 555

161 630 163 642 ¹
194 642 398 716 Concilio
388 657 564 714 mtererat
588 665 753 741 magno.
785 644 880 712 Turn
905 641 1006 714 forte
1029 641 1170 714 coactis

192 763 369 836 Patribus
391 779 427 834 et
450 763 590 862 populo
614 762 684 860 (ut
695 762 812 836 series
838 779 950 860 atque
975 759 1069 834 ordo
1093 731 1239 835 ferebat

194 883 402 956 Commenti
427 884 540 980 sauri)
567 880 829 956 Hebdomadas
855 881 1019 953 Danielis
1046 881 1166 954 aheno

191 1009 224 1076 E
253 1021 377 1076 rostro
401 1003 560 1074 Auarias
576 1001 759 1102 interpres
784 1003 854 1074 rite
879 1000 1050 1079 dooehat.

191 1126 306 1202 Forte
332 1139 453 1195 autem
476 1131 661 1221 praesens.
675 1122 1000 1196 aderatsr'rblimis
1018 1121 1061 1193 in·
1083 1121 1158 1196 alta
1311 1139 1383 1208 360

195 1244 295 1316 Sede
321 1242 587 1344 Arimathensis
611 1243 772 1342 ioseph:
796 1245 923 1342 isque,
940 1268 1017 1314 ora
1041 1241 1248 1340 frequentis

193 1365 292 1436 Dum
317 1363 445 1463 populi
469 1361 618 1452 lustrat,
644 1381 803 1438 stantem
829 1389 850 1436 e
874 1362 1027 1462 regione
1053 1363 1217 1436 Puellum

194 1484 405 1556 Goelestem
427 1483 534 1558 vidit:
559 1481 712 1583 fixisque
738 1482 925 1556 obtutibus
946 1507 1080 1554 ‚amens

193 1604 456 1702 Attonitusque
482 1601 620 1703 dinque
645 1604 759 1678 silens
783 1583 981 1676 imniobilis
1005 1603 1134 1677 haesit.

191 1725 275 1802 Neo
301 1724 420 1799 miuus
446 1726 589 1797 interea
612 1727 712 1802 vultu
727 1724 963 1825 „stupefactus
990 1723 1125 1801 eodem
1175 1731 1177 1738 ’
1206 1783 1209 1804 ,
1316 1739 1387 1808 565

191 1847 408 1942 Longaerus
433 1845 533 1940 juxte
557 1847 683 1918 senior
707 1843 897 1942 pandebat
922 1845 972 1912 ab
997 1868 1064 1912 ore

192 1964 328 2035 Mentis
353 1963 483 2066 inops,
509 1959 663 2047 faeiem,
695 1978 835 2035 restem
860 1977 898 2034 et
922 1960 1068 2058 singula
1090 1961 1241 2037 mirans.

192 2085 302 2154 Hune
328 2079 452 2153 cubito
478 2096 634 2177 tangens
661 2081 834 2156 eor‘nitem
857 2078 1039 2177 laterique
1065 2084 1316 2184 propinquum
1365 2135 1368 2140 ,

194 2207 319 2275 Laeva
344 2211 429 2272 ante
454 2227 522 2272 ora
546 2227 658 2273 mauu
681 2201 823 2298 posita,
848 2200 998 2274 viainus'
1014 2200 1062 2273 ad
1088 2228 1228 2298 aurem,

198 2324 263 2408 Sic
288 2321 555 2395 Arimathensis
582 2321 763 2398 submissa
787 2335 877 2395 v'ooe
899 2322 1082 2418 loeutuss
1192 2295 1195 2314 ³
1319 2337 1390 2408 570

195 2444 345 2543 Aspicis
370 2441 492 2533 illum,
519 2441 636 2514 oeulis
663 2459 700 2517 et
716 2441 827 2518 'crine
853 2457 891 2516 et
915 2444 1082 2540 janthino
1109 2445 1245 2530 amictu

141 2559 142 2562 ¹
196 2565 383 2662 insignem
408 2589 562 2662 puerum
589 2552 704 2636 strata
727 2563 824 2632 inter
847 2562 996 2661 palmea
1022 2564 1138 2637 saeris

197 2688 381 2760 intentum
407 2681 546 2756 dictis?
570 2683 669 2764 Proh
693 2683 822 2764 Divum
849 2681 1068 2762 abscondita
1093 2685 1196 2756 miris

202 2806 350 2877 Arcana
375 2804 413 2873 in
439 2804 624 2876 tenebris!
647 2807 755 2874 Hunc
783 2804 901 2901 ipsum
927 2803 1070 2900 (sidera
1096 2771 1213 2877 testei
1284 2789 1307 2854 f

196 2928 349 3022 Hosque
360 2923 478 2994 aditus
488 2940 711 3020 sanctosque
729 2922 844 3016 lares)
863 2923 961 2992 hune
973 2946 1126 3019 prorsus
1138 2922 1296 2999 eundem
1320 2936 1390 3005 575

196 3045 390 3141 Nusquam
416 3041 506 3113 alias
531 3041 646 3111 visum
671 3057 784 3111 noctu
807 3065 876 3138 per
901 3044 1044 3113 somnia
1070 3039 1164 3136 vidi3

198 3169 322 3262 Atque
349 3159 443 3232 adeo
469 3160 621 3232 demens
647 3160 768 3248 feror,
794 3176 834 3229 ut
857 3186 952 3232 nova
977 3159 1120 3236 somnia
1143 3160 1297 3236 credam

197 3285 302 3356 Haeo
329 3280 479 3369 eadem,
506 3307 600 3378 quae
625 3306 723 3354 nuno
749 3308 862 3354 cerno
887 3282 1116 3382 praeseutia,
1142 3283 1198 3355 sio
1221 3307 1282 3356 me

197 3427 618 3448 ...u—*m

198 3501 234 3552 V.
253 3500 313 3550 aas.
331 3493 459 3546 Daniel
478 3495 657 3554 propheta
674 3497 957 3548 Messiamventurum
968 3496 1112 3558 praeunte
1130 3497 1199 3546 Dan.
1218 3497 1246 3560 9,
1265 3495 1301 3548 24
1312 3505 1388 3558 seqq.

197 3594 233 3644 V.
253 3591 314 3643 sol.
331 3590 349 3638 J
358 3585 466 3646 oseph
490 3584 760 3638 arimatheusis
777 3591 966 3648 (arimathaea
978 3585 1392 3638 sivelsamaurbsintribussen-

334 3677 435 3744 jamin]
444 3676 683 3742 ynedriomagno
693 3685 754 3732 eret
762 3683 923 3744 adscriptus.
941 3681 1060 3745 nunes,
1076 3681 1119 3732 to.
1136 3678 1388 3744 matthata-'rma
1410 3657 1419 3677 ⁶

199 3773 234 3826 V.
256 3775 316 3826 ³66.
335 3773 556 3834 Longaevun
574 3771 705 3820 eeutor
722 3773 741 3824 1.
761 3785 785 3822 e.
805 3773 1029 3837 Nicodamus,
1048 3769 1280 3834 synedri'rrnagnt
1296 3781 1390 3820 asses-

339 3875 395 3927 sor,
414 3861 571 3926 integritate
594 3862 671 3928 vitae
697 3865 843 3914 excellens.
870 3865 950 3915 Joan.
970 3867 996 3927 s,
1010 3863 1034 3912 1.
1047 3864 1073 3912 4.
1083 3863 1109 3912 9.
1120 3875 1144 3912 o.
1157 3864 1184 3927 7,
1197 3861 1389 3930 to.o.19,³(t.

197 3957 233 4008 V.
254 3959 313 4007 875.
332 3954 402 4003 Edit.
420 3952 547 4002 Veneta:
567 3955 655 4016 Atque
674 3957 759 4018 adyta
775 3959 845 4006 treeo
861 3959 1025 4019 sanctosque
1040 3953 1173 4012 lares)...

200 4050 236 4102 V.
257 4049 308 4102 ³78
317 4059 395 4112 seqq.
413 4043 485 4093 Edit.
504 4043 602 4093 venet.
622 4047 747 4096 emendat
764 4050 792 4097 et
809 4047 897 4098 addit:

406 4135 484 4186 Haeo
502 4136 608 4202 eedem,
627 4147 698 4198 quae
715 4151 786 4188 nune
803 4138 891 4190 oeulis
908 4131 1065 4200 praesentia
1082 4145 1177 4187 uerno.

407 4230 458 4280 tlte
476 4227 622 4280 videbatur
638 4230 781 4281 malefidae
797 4234 861 4281 ante
879 4241 930 4280 ora
950 4240 1086 4280 cavernae

406 4319 525 4391 Ludere,
543 4324 659 4388 tumque
677 4335 785 4375 menum
800 4321 878 4374 riuis
895 4323 1012 4373 inerret
1029 4318 1125 4384 epacte
