2990 4906
174 239 201 362 'a
624 273 1006 384 cincun

180 470 441 557 Constiterant,
466 469 618 568 propius
642 467 808 558 volitare,
835 485 872 540 et
899 467 1023 542 dicere
1049 466 1225 565 quiddam
1328 485 1382 552 55

178 590 285 665 Velle
312 587 511 664 videbatur.
562 589 660 687 Quin
682 587 776 662 flavo
794 586 859 659 uhi
883 589 1020 662 vertice
1044 587 1178 689 longos

180 708 529 791 Siccabantfcrines
554 734 621 808 per
645 710 809 783 eburnea
835 709 932 782 colla
956 707 1113 780 fluentes

178 830 239 903 Ad
266 831 382 904 solem
408 829 513 902 viridi
537 831 576 901 in
602 831 694 906 clivo
722 832 768 903 de
794 858 897 904 more
921 828 1081 929 puellae,

177 951 246 1023 llla
270 975 534 1050 supersecuta
557 952 743 1045 humeros,
766 977 951 1054 supraque
977 948 1125 1023 volabat

178 1072 369 1144 Distentos
395 1070 515 1161 funes,
549 1074 655 1170 quasi
682 1073 806 1145 dicere
835 1073 988 1144 nuncius
1016 1069 1093 1140 ales
1326 1084 1377 1153 60

179 1191 392 1289 Virginibus
415 1190 542 1263 vellet:
566 1193 693 1283 „Vidi
721 1220 829 1292 quam
856 1191 951 1264 ssetis
978 1188 1200 1287 ademptam,

179 1312 279 1385 Vivit
303 1309 436 1401 adhuc,
463 1310 641 1410 vobisque
667 1311 749 1384 fero
775 1313 897 1384 fausta
919 1310 1044 1383 omina
1070 1319 1230 1403 cantu3“

181 1431 352 1509 Carmina
379 1428 447 1502 sed
471 1430 628 1504 volucris
654 1459 729 1506 non
755 1433 945 1505 intellecta
968 1428 1136 1502 canebat.

277 1553 353 1623 Has
378 1552 475 1621 inter
501 1576 607 1624 curas
629 1552 707 1651 jam
731 1555 858 1625 tertius
884 1553 962 1624 ibat
987 1549 1094 1648 aprili
1148 1595 1152 1602 -

179 1669 338 1744 Florifer
363 1697 500 1762 annus,
527 1689 564 1742 ct
590 1690 717 1744 exacta
741 1691 826 1771 post
850 1671 990 1770 frigora
1015 1669 1145 1740 bruma
1325 1681 1371 1748 65

179 1791 328 1865 Vitiferi
354 1791 488 1881 collos,
515 1809 626 1890 atque
651 1792 808 1864 herbida
830 1807 940 1892 prata
964 1790 1150 1887 juventam

180 1911 398 2002 Induerant,
424 1910 609 2010 floresque
635 1939 768 2002 novos,
794 1938 889 1985 nova
915 1910 1079 2009 germina
1104 1908 1237 1982 valles:

183 2031 275 2104 Cum
301 2030 466 2122 demum,
493 2049 533 2103 nt
557 2033 674 2106 visum
697 2033 858 2132 superis,
889 2057 909 2102 c
935 2057 1020 2101 rure
1049 2029 1190 2128 Canopi

181 2154 370 2224 Nazareus
396 2153 528 2242 Jonas,
555 2153 744 2251 Solymum
769 2154 832 2252 qui
856 2152 954 2226 forte
981 2151 1142 2224 camelos

181 2275 362 2362 Duxerat,
389 2291 500 2372 atque
525 2272 690 2344 Arabum
714 2299 875 2363 merces,
901 2291 941 2344 ut
965 2299 1049 2345 vere
1076 2269 1271 2371 quotannis
1323 2283 1368 2349 70

184 2395 378 2482 Sueverat,
405 2393 444 2461 in
469 2393 629 2489 patrium
653 2390 798 2463 divertit
822 2394 934 2466 mulio
960 2419 1094 2491 pagum

183 2513 348 2583 Nuncius
374 2509 567 2582 incolumis
592 2509 700 2580 Pueri
725 2527 949 2608 sanctaeque
972 2513 1157 2586 Parentis:

184 2633 294 2708 Visus
322 2629 369 2702 ab
395 2628 575 2702 aethereis
603 2627 830 2702 descendere
857 2630 1026 2721 sedibus,
1052 2631 1171 2731 ipsam

184 2753 295 2824 Visus
322 2766 359 2821 et
385 2775 574 2836 auroram,
599 2750 816 2848 miserisque
841 2751 1018 2823 reducere
1044 2751 1171 2824 solem.

185 2871 281 2942 Nam
303 2869 402 2940 laeta
425 2885 509 2940 ante
537 2868 627 2941 alias
652 2871 787 2942 mensis
813 2872 1017 2942 Neomenia
1038 2873 1146 2971 primi
1322 2885 1363 2950 75

186 2995 296 3063 Forte
321 2988 759 3088 recurrebat,·viridique
785 2991 823 3060 in
841 2992 1004 3089 gramine
1029 2993 1115 3090 pagi

185 3111 313 3183 Turba
338 3111 457 3182 soluta
483 3135 653 3209 operum,
680 3111 851 3201 calamis,
879 3114 1055 3212 conisque
1081 3113 1231 3214 salignis

185 3236 233 3303 Et
258 3257 366 3304 cursu
391 3229 562 3327 ludisque
589 3230 668 3302 aliis
695 3232 835 3303 intenta
859 3234 1024 3322 vacabat,

188 3352 278 3422 Cum
301 3351 472 3449 strepitus
498 3350 594 3419 inter
618 3376 817 3448 puerorum
844 3371 880 3424 et
904 3355 1038 3452 gaudia
1062 3355 1156 3426 ruris

186 3471 302 3541 Ecce!
327 3469 455 3540 aderat
480 3470 593 3540 multo
619 3495 809 3570 respersus
834 3474 983 3572 pulvere
1008 3491 1133 3546 vector
1320 3482 1361 3548 80

188 3704 223 3755 V.
242 3706 286 3754 68.
312 3701 437 3762 Canopus
461 3704 550 3759 (stunc
575 3701 701 3763 Atutkir]
729 3707 827 3755 civitas
851 3706 970 3768 Aegypti
999 3706 1034 3754 ad
1060 3703 1115 3752 n'ttt
1152 3699 1267 3766 ostium,
1299 3702 1362 3763 quod

316 3805 482 3868 canopicum
503 3790 675 3867 (unvunands
695 3789 802 3873 στόμα)
822 3809 929 3857 vocant.
950 3807 1016 3856 Ptin.
1038 3811 1063 3868 o,
1084 3805 1126 3867 31,
1147 3804 1189 3854 st.

188 3905 227 3953 V.·
241 3908 283 3955 7⁰.
302 3906 385 3980 lnea
403 3910 520 3959 Arabiae
539 3915 630 3974 parte,
660 3923 729 3972 quae
748 3913 814 3960 felix
835 3897 1005 3974 (εὐδαίμων)
1026 3908 1133 3970 dicitur,
1153 3905 1180 3952 in
1201 3916 1254 3966 qna
1271 3902 1360 3952 Sabaei

308 4001 399 4060 populi
425 4002 609 4065 continentur,
638 4003 804 4069 balsamum,
831 4003 935 4063 cassia,
963 4007 1021 4065 tus,
1058 3998 1187 4048 sardonix
1212 4006 1313 4062 genna
1335 3996 1359 4040 et

309 4091 365 4140 alia
383 4098 537 4142 nascuntur.
574 4093 672 4142 Ezeeb.
692 4098 736 4159 27,
756 4098 788 4146 22
807 4109 864 4158 sqq.
884 4095 950 4142 Plin.
971 4095 1014 4157 12,
1034 4095 1076 4142 to.

188 4191 222 4240 V.
234 4195 277 4240 ts.
297 4191 396 4241 Neon
406 4208 421 4243 c
431 4198 488 4246 nia
505 4182 676 4262 (Νεομηνία)
689 4197 863 4246 novilunium.
878 4196 994 4245 Veteres
1007 4197 1041 4245 ad
1052 4195 1132 4245 lunae
1144 4205 1250 4246 cursum
1265 4199 1358 4238 menses

309 4285 477 4354 dirigebant,
510 4297 537 4340 et
560 4293 680 4352 aprino
704 4288 835 4338 novilunii
861 4289 903 4337 die
932 4301 1038 4338 menses
1063 4298 1128 4338 suos
1146 4281 1356 4345 auspicabantur.

307 4375 416 4427 tertull.
435 4383 498 4430 adv.
517 4385 602 4432 blare.
624 4387 648 4450 1,
667 4384 701 4432 2⁰
