2990 4906
1262 255 1347 328 XV

159 519 224 571 epus
241 507 285 556 est
301 505 368 554 tiore
385 499 503 564 plurimo
522 500 550 550 et
567 497 660 550 colore
675 508 848 565 respersum,
866 479 1148 562 quoo‘pnicbrituoine
1166 490 1195 540 et
1210 487 1351 542 varietate

155 612 238 662 vincit
256 609 408 660 animorum
428 604 595 656 satietatem.
631 601 728 666 Neque
746 613 813 653 sane
838 601 922 653 facile
948 612 1029 666 quem
1045 595 1163 650 dixerim
1187 593 1248 645 sive
1266 605 1285 644 a
1300 603 1352 644 na-

151 720 233 777 ture,
257 713 319 763 sive
338 713 374 762 ab
392 709 503 775 ingenio
520 708 581 770 plus
599 708 727 758 babuisse
749 709 820 758 banc
837 710 926 758 anem
951 705 1069 754 omnium
1087 700 1188 753 artium
1204 698 1353 750 marinam

150 819 187 868 ad
206 777 397 868 delectandum
415 813 474 864 sine
492 813 633 864 satietate.
668 811 747 863 lianc
764 810 812 862 ille
830 808 984 861 declaravit
1000 808 1029 876 in
1047 805 1186 870 omnibus,
1203 796 1353 866 majorem-

150 933 205 984 que
223 921 252 970 iu
268 920 379 970 modum
396 917 432 966 iis
449 916 477 966 in
493 915 571 968 libris
587 910 632 982 ἥ),
656 905 703 981 qul
726 929 788 966 cum
805 917 839 965 de
861 915 922 966 vite
946 913 1003 963 siut
1027 910 1151 961 virorum
1175 905 1223 960 vel
1246 907 1351 958 virtuto

151 1026 201 1076 vel
218 1025 367 1075 sanctitate
384 1007 600 1088 praestantium,
618 1021 671 1073 boc
688 1021 777 1086 magis
802 1019 932 1071 videntur
948 1016 1044 1068 facere
1062 1013 1268 1092 difficudtatem,
1297 1023 1350 1076 quo

149 1128 214 1190 plns
232 1129 322 1180 solent
340 1127 413 1176 inter
429 1138 460 1177 se
478 1127 580 1176 bebere
598 1124 792 1175 similitudinis.
829 1125 860 1176 ln
877 1124 1002 1181 omnibus
1019 1123 1113 1172 autem
1130 1119 1202 1170 inest
1219 1117 1351 1167 venusta-
1408 1186 1410 1190 .

149 1234 189 1283 tis
208 1234 316 1296 quidam
340 1231 417 1282 color
444 1229 569 1303 oratione
596 1227 711 1278 diffusus
728 1240 781 1278 nec
805 1227 888 1279 nimis
906 1230 1073 1292 extenuata,
1107 1225 1158 1276 sed
1186 1223 1351 1287 temperata,

151 1335 210 1386 leni
219 1370 229 1403 ,
248 1339 277 1386 et
299 1335 360 1384 tere
379 1334 496 1384 dixerim
514 1331 616 1396 tereti,
641 1331 678 1382 ed
695 1341 778 1393 quam
794 1341 857 1396 cum
874 1332 940 1383 ordo
960 1333 989 1382 et
1004 1329 1128 1379 delectus
1146 1327 1279 1391 accedat,
1303 1324 1351 1374 de·

152 1438 305 1488 lectatione
321 1437 409 1486 vincit
426 1435 577 1486 festidium.

225 1561 315 1626 Igitur
331 1561 420 1612 minus
438 1562 483 1610 est
499 1558 667 1624 mirandum,
685 1557 710 1608 si
726 1557 790 1609 huic
807 1560 940 1624 magistro
958 1571 1021 1610 cum
1037 1570 1074 1624 en
1090 1552 1274 1619 nostratibus,
1293 1554 1352 1600 tum

151 1676 190 1714 ex
205 1663 241 1714 iis
250 1679 278 1729 ,·
293 1665 339 1727 qui
356 1675 411 1715 une
428 1676 490 1714 cum
507 1664 566 1725 ipso
583 1659 666 1714 simul
684 1664 764 1711 erant
780 1663 918 1730 Arcades,
949 1664 1097 1724 praeterea
1115 1659 1269 1725 quicunoue
1288 1654 1353 1706 lite-
1408 1677 1414 1685 ·

149 1777 245 1818 rerum
262 1767 353 1817 studio
371 1768 555 1834 ducebantur,
579 1739 636 1818 tam
653 1777 685 1815 se
703 1764 847 1828 plurimum
866 1769 985 1833 dabant,
1017 1763 1109 1816 nullus
1126 1765 1157 1813 ut
1182 1753 1281 1823 ferme}
1293 1758 1353 1835 dies

133 1879 257 1919 -uacuas
275 1871 351 1918 esset
368 1871 404 1920 ab
421 1870 497 1920 illius
521 1869 726 1920 cousuetudine.
764 1870 818 1930 Qui
842 1882 1005 1936 quamquam
1028 1868 1110 1934 longe
1135 1863 1354 1918 modestissimus

147 1971 252 2022 nemini
269 1985 300 2022 se
318 1974 355 2023 ad
373 1975 524 2026 docendum
541 1974 641 2041 dabat,
677 1976 770 2025 tamen
796 1975 999 2026 considentibus
1016 1971 1205 2034 respondendo
1224 1951 1371 2017 docebats

146 2073 183 2124 Et
207 2076 281 2126 baud
304 2075 380 2143 scio,
412 2089 449 2130 en
471 2079 605 2144 magister
631 2077 680 2128 iilo
706 2057 790 2130 esset
807 2079 879 2128 ullus
903 2079 933 2128 in
956 2073 1122 2126 instituendo
1148 2067 1334 2134 praestantior
1341 2079 1352 2130 3
1399 2055 1402 2070 ¹

147 2190 268 2241 namque
287 2180 323 2229 ad
340 2179 421 2228 unius
439 2175 573 2242 undasque
589 2183 717 2230 naturam
739 2181 908 2244 singularem
934 2179 1071 2240 quandam
1094 2187 1174 2224 susm
1198 2180 1354 2222 accommo-

149 2281 237 2331 dabat
255 2279 421 2330 facilitatem
438 2279 560 2344 ingenii,
579 2279 620 2329 ita
637 2280 714 2326 utet
731 2279 877 2348 celeriter,
906 2289 977 2342 quae
996 2285 1064 2337 opus
1082 2275 1162 2323 erant
1170 2306 1181 2338 ,
1208 2271 1353 2338 cogitaret,

151 2385 182 2434 et
199 2383 298 2432 eadem
317 2381 469 2443 explicaret
492 2391 600 2438 summe
621 2391 688 2430 usus
705 2382 850 2442 prudentie
876 2383 912 2433 ed
936 2377 1124 2430 informandas
1141 2377 1257 2446 mentes.
1293 2372 1354 2424 iloc

149 2485 181 2536 in
199 2495 234 2534 eo
253 2486 382 2534 constans
399 2483 453 2534 init
470 2485 500 2546 et
515 2487 694 2550 perpetuum,
714 2478 829 2547 ejusque
846 2497 896 2536 nos
913 2496 1008 2536 sumus
1025 2480 1069 2532 rei
1084 2482 1180 2529 testes.
1218 2476 1354 2530 Octavum

151 2589 251 2652 egerat
273 2589 302 2635 et
328 2587 525 2652 octogesimum
543 2599 657 2652 annum,
693 2599 756 2637 cum
780 2600 841 2638 eum
865 2589 953 2651 primo
979 2551 1175 2650 cognovimus,
1205 2584 1289 2646 atque
1307 2581 1352 2630 blc

149 2689 193 2742 illi
211 2693 366 2764 postremus
383 2688 445 2739 luit.
482 2690 525 2740 Ad
543 2690 736 2754 gravissimam
753 2694 922 2741 senectutem
941 2685 1107 2753 accedebat,
1126 2686 1199 2751 quod
1217 2685 1252 2736 ab
1272 2685 1351 2736 annis

151 2794 266 2844 circiter
283 2795 345 2843 octo
363 2791 467 2842 lumina
485 2791 627 2842 oculorum
645 2793 797 2861 amiserat,
827 2807 907 2862 quam
926 2793 1111 2844 calamitatem
1129 2793 1239 2852 semper
1256 2789 1352 2840 mode·

152 2899 215 2949 rate
234 2897 313 2946 tulit:
345 2895 534 2946 assiduissime
553 2907 614 2944 cum
632 2893 681 2946 illo
699 2908 825 2963 eramus,
858 2897 981 2949 studiose
999 2896 1197 2946 exercebamur
1213 2893 1274 2954 ipso
1293 2891 1353 2954 qui-

141 3001 215 3050 ·dem
232 2998 359 3059 lubente;
384 2999 465 3049 modo
482 3000 578 3048 nostra
595 2998 775 3064 legebamus,
799 3003 879 3051 modo
899 3000 991 3052 aliena
1008 2996 1070 3064 ejus
1084 2993 1220 3062 judicium
1237 2995 1352 3046 audien-

151 3105 196 3152 tes
213 3102 302 3152 reluti
318 3100 458 3166 regulam,
478 3111 533 3162 qua
549 3103 620 3171 uera
637 3103 666 3149 et
682 3100 756 3150 falsa
770 3096 977 3170 judicaremus,
1008 3103 1125 3165 quidque
1153 3101 1189 3152 ad
1205 3098 1350 3150 scientiam

154 3207 184 3255 et
201 3204 368 3269 elegantiam
387 3201 601 3252 desideraretur.
636 3203 680 3254 lta
696 3203 798 3270 nebat,
824 3208 855 3255 ut
872 3218 1015 3269 numquam
1035 3217 1088 3255 non
1107 3201 1227 3267 quotidie
1246 3199 1350 3263 aliquid

153 3307 359 3358 addiscerentur
389 3303 578 3354 adolescentes
606 3305 642 3354 ab
675 3317 743 3356 sene
771 3308 874 3369 stipato
906 3308 1003 3360 studiis
1026 3303 1190 3372 juventutis.
1234 3305 1350 3354 Tantum

154 3405 216 3474 ejus
233 3422 311 3460 mens
328 3409 413 3473 nibil,
447 3408 520 3470 quod
552 3407 581 3458 in
610 3405 724 3472 reliquis
751 3409 822 3460 solet
829 3444 839 3477 ,
862 3409 1027 3462 imbecillior
1044 3411 1087 3460 est
1104 3407 1200 3475 iacta,
1218 3407 1347 3476 quamjn

149 3507 296 3576 juventute
313 3511 421 3562 fuisset.
438 3507 494 3571 Μ)

153 3737 187 3802 ὓ)
203 3742 271 3793 Vita
288 3739 352 3793 dell’
368 3741 547 3804 imperatrice
565 3744 655 3795 Eleo
666 3757 764 3796 nora.
800 3744 867 3796 Vita
884 3747 911 3796 di
929 3745 1087 3810 Monsignor
1102 3744 1258 3796 nursini
1275 3746 1349 3797 ves-

205 3825 277 3863 eovo
295 3813 322 3863 di
348 3815 493 3878 Pergamo.
530 3814 597 3865 Vita
620 3816 664 3865 del
694 3815 780 3867 conte
803 3817 908 3866 mattea
940 3813 1123 3867 laverna.
1159 3817 1227 3866 Vita
1251 3817 1278 3867 di
1296 3829 1348 3870 san

206 3883 362 3934 Gioanni
388 3885 415 3934 di
443 3885 505 3934 Dio.
559 3887 714 3937 liiiiessioni
747 3898 830 3948 sopra
855 3887 883 3937 lo
913 3890 985 3936 stato
1016 3890 1143 3949 presente
1169 3887 1242 3937 della
1266 3887 1346 3942 Cina.

205 3951 400 4004 Osservazioui
418 3967 433 4004 e
451 3955 567 4018 lilposta
583 3969 667 4019 sopra
684 3955 711 4007 le
728 3961 827 4008 stesse.
862 3957 998 4007 Funerale
1025 3957 1082 4008 alla
1106 3958 1213 4022 liegina
1230 3961 1348 4011 illaria

203 4025 314 4143 ,ιιιιιιιιι
333 4024 486 4142 tFunerale
504 4027 533 4076 al
550 4027 651 4093 signer
673 4027 867 4078 biaulredo
894 4027 1050 4078 scitale.
1086 4028 1126 4079 Le
1152 4029 1279 4092 Fsperidi
1295 4044 1348 4094 per

218 4107 248 4144 es
261 4105 331 4159 a,e
362 4097 465 4146 cetera.

151 4160 202 4228 su)
221 4167 264 4214 Au
282 4165 401 4230 dedans,
436 4177 471 4216 au
489 4168 588 4218 debore
611 4167 632 4218 ii
658 4169 719 4226 (Tb.
740 4165 827 4231 Ceva)
853 4167 921 4217 ctoit
937 4163 1019 4217 l'ame
1038 4167 1071 4216 de
1088 4169 1150 4218 tous
1167 4168 1209 4220 les
1226 4175 1344 4222 travaux

112 4275 115 4284 .
205 4235 373 4304 litterairesr
401 4234 422 4283 il
447 4237 577 4303 animoit,
609 4239 630 4288 ii
655 4239 741 4289 aidoit
757 4239 800 4288 les
816 4241 951 4303 auteurs,
975 4237 1179 4291 ilcoutribuoit
1197 4242 1232 4290 du
1249 4239 1345 4290 slent

204 4306 279 4356 leurs
298 4305 480 4373 entreprises,
504 4309 583 4359 illes
602 4308 749 4374 dirigeoit,
781 4309 802 4358 il
821 4308 1067 4359 conduisoit'leurs
1085 4310 1189 4361 etudes.
1227 4308 1344 4372 Quelqu'

204 4377 307 4440 occupt
325 4373 392 4442 qu’il
409 4373 453 4428 rot
476 4379 510 4428 de
528 4392 574 4430 ses
591 4392 705 4443 propres
722 4379 854 4446 affaires,
880 4374 984 4442 jamais
1006 4379 1028 4430 il
1050 4393 1086 4431 ne
1109 4393 1141 4431 se
1164 4381 1282 4430 retusoit
1306 4392 1343 4428 au
