<?xml version="1.0" encoding="UTF-8"?>
<!DOCTYPE html PUBLIC "-//W3C//DTD XHTML 1.0 Transitional//EN"
    "http://www.w3.org/TR/xhtml1/DTD/xhtml1-transitional.dtd">
<html xmlns="http://www.w3.org/1999/xhtml" xml:lang="en" lang="en">
 <head>
  <title>
</title>
<meta http-equiv="Content-Type" content="text/html;charset=utf-8" />
  <meta name='ocr-system' content='tesseract 3.04.00' />
  <meta name='ocr-capabilities' content='ocr_page ocr_carea ocr_par ocr_line ocrx_word'/>
</head>
<body>
  <div class='ocr_page' id='page_1' title='image "./jesuspuerpoema00gratgoog_0177.png"; bbox 0 0 2960 4908; ppageno 0'>
   <div class='ocr_carea' id='block_1_1' title="bbox 153 289 971 394">
    <p class='ocr_par' dir='ltr' id='par_1_1' title="bbox 153 289 971 394">
     <span class='ocr_line' id='line_1_1' title="bbox 153 289 971 394; baseline -0.021 -19"><span class='ocrx_word' id='word_1_1' title='bbox 153 304 224 380; x_wconf 76' lang='lat' dir='ltr'><strong>rte</strong></span> <span class='ocrx_word' id='word_1_2' title='bbox 613 289 787 361; x_wconf 76' lang='lat' dir='ltr'><strong>nme</strong></span> <span class='ocrx_word' id='word_1_3' title='bbox 812 291 847 360; x_wconf 82' lang='lat' dir='ltr'><strong>n</strong></span> <span class='ocrx_word' id='word_1_4' title='bbox 877 289 971 394; x_wconf 68' lang='lat' dir='ltr'><strong>tin.</strong></span> 
     </span>
    </p>
   </div>
   <div class='ocr_carea' id='block_1_2' title="bbox 84 469 1343 3346">
    <p class='ocr_par' dir='ltr' id='par_1_2' title="bbox 155 469 1343 828">
     <span class='ocr_line' id='line_1_2' title="bbox 157 469 1269 588; baseline -0.004 -28"><span class='ocrx_word' id='word_1_5' title='bbox 157 491 259 588; x_wconf 82' lang='lat' dir='ltr'><strong>Quae</strong></span> <span class='ocrx_word' id='word_1_6' title='bbox 283 512 462 588; x_wconf 81' lang='lat' dir='ltr'><strong>praesens</strong></span> <span class='ocrx_word' id='word_1_7' title='bbox 487 485 632 562; x_wconf 84' lang='lat' dir='ltr'><strong>aderas.</strong></span> <span class='ocrx_word' id='word_1_8' title='bbox 683 484 746 557; x_wconf 89' lang='lat' dir='ltr'><strong>Sio</strong></span> <span class='ocrx_word' id='word_1_9' title='bbox 771 485 848 558; x_wconf 85' lang='lat' dir='ltr'><strong>visa</strong></span> <span class='ocrx_word' id='word_1_10' title='bbox 870 484 1018 557; x_wconf 74' lang='lat' dir='ltr'><strong>inlitae</strong></span> <span class='ocrx_word' id='word_1_11' title='bbox 1041 469 1202 582; x_wconf 82' lang='lat' dir='ltr'><strong>maligna</strong></span> <span class='ocrx_word' id='word_1_12' title='bbox 1228 507 1269 556; x_wconf 86' lang='lat' dir='ltr'><strong>es</strong></span> 
     </span>
     <span class='ocr_line' id='line_1_3' title="bbox 157 605 1343 706; baseline -0.007 -24"><span class='ocrx_word' id='word_1_13' title='bbox 157 608 336 682; x_wconf 82' lang='lat' dir='ltr'><strong>Omnibus</strong></span> <span class='ocrx_word' id='word_1_14' title='bbox 362 608 490 680; x_wconf 89' lang='lat' dir='ltr'><strong>obtutu</strong></span> <span class='ocrx_word' id='word_1_15' title='bbox 515 624 619 686; x_wconf 81' lang='lat' dir='ltr'><strong>torro</strong></span> <span class='ocrx_word' id='word_1_16' title='bbox 643 625 681 680; x_wconf 85' lang='lat' dir='ltr'><strong>et</strong></span> <span class='ocrx_word' id='word_1_17' title='bbox 703 605 914 706; x_wconf 80' lang='lat' dir='ltr'><strong>palearibus</strong></span> <span class='ocrx_word' id='word_1_18' title='bbox 940 605 1110 694; x_wconf 80' lang='lat' dir='ltr'><strong>homene,</strong></span> <span class='ocrx_word' id='word_1_19' title='bbox 1272 617 1343 686; x_wconf 84' lang='lat'><strong>180</strong></span> 
     </span>
     <span class='ocr_line' id='line_1_4' title="bbox 155 721 1133 828; baseline -0.003 -29"><span class='ocrx_word' id='word_1_20' title='bbox 155 728 255 800; x_wconf 85' lang='lat' dir='ltr'><strong>Pelle</strong></span> <span class='ocrx_word' id='word_1_21' title='bbox 277 731 403 828; x_wconf 81' lang='lat' dir='ltr'><strong>nigra,</strong></span> <span class='ocrx_word' id='word_1_22' title='bbox 429 745 539 826; x_wconf 87' lang='lat' dir='ltr'><strong>atque</strong></span> <span class='ocrx_word' id='word_1_23' title='bbox 564 729 638 801; x_wconf 85' lang='lat' dir='ltr'><strong>ima</strong></span> <span class='ocrx_word' id='word_1_24' title='bbox 661 755 811 803; x_wconf 85' lang='lat' dir='ltr'><strong>verrens</strong></span> <span class='ocrx_word' id='word_1_25' title='bbox 835 724 986 823; x_wconf 84' lang='lat' dir='ltr'><strong>vestigia</strong></span> <span class='ocrx_word' id='word_1_26' title='bbox 1004 721 1133 799; x_wconf 81' lang='lat' dir='ltr'><strong>cauda.</strong></span> 
     </span>
    </p>

    <p class='ocr_par' dir='ltr' id='par_1_3' title="bbox 155 847 1196 947">
     <span class='ocr_line' id='line_1_5' title="bbox 155 847 1196 947; baseline -0.002 -27"><span class='ocrx_word' id='word_1_27' title='bbox 155 848 309 920; x_wconf 80' lang='lat' dir='ltr'><strong>Centum</strong></span> <span class='ocrx_word' id='word_1_28' title='bbox 331 848 418 919; x_wconf 86' lang='lat' dir='ltr'><strong>illue</strong></span> <span class='ocrx_word' id='word_1_29' title='bbox 450 847 553 947; x_wconf 81' lang='lat' dir='ltr'><strong>digiti</strong></span> <span class='ocrx_word' id='word_1_30' title='bbox 576 851 725 938; x_wconf 88' lang='lat' dir='ltr'><strong>intenti,</strong></span> <span class='ocrx_word' id='word_1_31' title='bbox 752 866 899 922; x_wconf 85' lang='lat' dir='ltr'><strong>centum</strong></span> <span class='ocrx_word' id='word_1_32' title='bbox 924 869 1064 942; x_wconf 85' lang='lat' dir='ltr'><strong>oraque</strong></span> <span class='ocrx_word' id='word_1_33' title='bbox 1089 869 1196 918; x_wconf 80' lang='lat' dir='ltr'><strong>versa</strong></span> 
     </span>
    </p>

    <p class='ocr_par' dir='ltr' id='par_1_4' title="bbox 150 947 1166 1189">
     <span class='ocr_line' id='line_1_6' title="bbox 150 947 1059 1063; baseline -0.006 -24"><span class='ocrx_word' id='word_1_34' title='bbox 150 972 183 1039; x_wconf 86' lang='lat' dir='ltr'><strong>E</strong></span> <span class='ocrx_word' id='word_1_35' title='bbox 210 947 357 1041; x_wconf 84' lang='lat' dir='ltr'><strong>summis</strong></span> <span class='ocrx_word' id='word_1_36' title='bbox 381 967 510 1063; x_wconf 85' lang='lat' dir='ltr'><strong>tectis,</strong></span> <span class='ocrx_word' id='word_1_37' title='bbox 538 995 557 1041; x_wconf 90' lang='lat' dir='ltr'><strong>e</strong></span> <span class='ocrx_word' id='word_1_38' title='bbox 582 970 742 1043; x_wconf 89' lang='lat' dir='ltr'><strong>turribus</strong></span> <span class='ocrx_word' id='word_1_39' title='bbox 769 967 1059 1063; x_wconf 80' lang='lat' dir='ltr'><strong>arboribusque5</strong></span> 
     </span>
     <span class='ocr_line' id='line_1_7' title="bbox 154 1083 1166 1189; baseline 0.002 -30"><span class='ocrx_word' id='word_1_40' title='bbox 154 1088 444 1188; x_wconf 83' lang='lat' dir='ltr'><strong>Signantumque</strong></span> <span class='ocrx_word' id='word_1_41' title='bbox 470 1090 599 1189; x_wconf 83' lang='lat' dir='ltr'><strong>ingens</strong></span> <span class='ocrx_word' id='word_1_42' title='bbox 626 1087 790 1162; x_wconf 88' lang='lat' dir='ltr'><strong>sublatus</strong></span> <span class='ocrx_word' id='word_1_43' title='bbox 817 1083 1028 1162; x_wconf 81' lang='lat' dir='ltr'><strong>clamored</strong></span> <span class='ocrx_word' id='word_1_44' title='bbox 1056 1100 1166 1161; x_wconf 86' lang='lat' dir='ltr'><strong>astra.</strong></span> 
     </span>
    </p>

    <p class='ocr_par' dir='ltr' id='par_1_5' title="bbox 149 1208 1338 1426">
     <span class='ocr_line' id='line_1_8' title="bbox 149 1208 1338 1310; baseline -0.003 -31"><span class='ocrx_word' id='word_1_45' title='bbox 149 1210 238 1308; x_wconf 76' lang='lat' dir='ltr'><strong>Ipsa</strong></span> <span class='ocrx_word' id='word_1_46' title='bbox 259 1209 363 1308; x_wconf 89' lang='lat' dir='ltr'><strong>prior</strong></span> <span class='ocrx_word' id='word_1_47' title='bbox 387 1208 494 1299; x_wconf 82' lang='lat' dir='ltr'><strong>vidit,</strong></span> <span class='ocrx_word' id='word_1_48' title='bbox 520 1208 671 1310; x_wconf 88' lang='lat' dir='ltr'><strong>visuque</strong></span> <span class='ocrx_word' id='word_1_49' title='bbox 699 1209 872 1281; x_wconf 84' lang='lat' dir='ltr'><strong>exterrita</strong></span> <span class='ocrx_word' id='word_1_50' title='bbox 888 1222 1035 1296; x_wconf 86' lang='lat' dir='ltr'><strong>mater,</strong></span> <span class='ocrx_word' id='word_1_51' title='bbox 1268 1220 1338 1288; x_wconf 73' lang='lat'><strong>185</strong></span> 
     </span>
     <span class='ocr_line' id='line_1_9' title="bbox 150 1325 1116 1426; baseline -0.003 -27"><span class='ocrx_word' id='word_1_52' title='bbox 150 1328 315 1401; x_wconf 85' lang='lat' dir='ltr'><strong>Portenti</strong></span> <span class='ocrx_word' id='word_1_53' title='bbox 339 1329 489 1426; x_wconf 70' lang='lat' dir='ltr'><strong>ignarae</strong></span> <span class='ocrx_word' id='word_1_54' title='bbox 514 1334 571 1401; x_wconf 90' lang='lat' dir='ltr'><strong>En</strong></span> <span class='ocrx_word' id='word_1_55' title='bbox 596 1329 719 1419; x_wconf 85' lang='lat' dir='ltr'><strong>robis,</strong></span> <span class='ocrx_word' id='word_1_56' title='bbox 746 1355 793 1400; x_wconf 90' lang='lat' dir='ltr'><strong>en</strong></span> <span class='ocrx_word' id='word_1_57' title='bbox 817 1328 982 1416; x_wconf 83' lang='lat' dir='ltr'><strong>victima,</strong></span> <span class='ocrx_word' id='word_1_58' title='bbox 1007 1325 1116 1414; x_wconf 83' lang='lat' dir='ltr'><strong>eires,</strong></span> 
     </span>
    </p>

    <p class='ocr_par' dir='ltr' id='par_1_6' title="bbox 150 1447 1090 1548">
     <span class='ocr_line' id='line_1_10' title="bbox 150 1447 1090 1548; baseline -0.004 -28"><span class='ocrx_word' id='word_1_59' title='bbox 150 1450 247 1520; x_wconf 89' lang='lat' dir='ltr'><strong>Ante</strong></span> <span class='ocrx_word' id='word_1_60' title='bbox 274 1448 421 1538; x_wconf 86' lang='lat' dir='ltr'><strong>oculos,</strong></span> <span class='ocrx_word' id='word_1_61' title='bbox 447 1450 585 1548; x_wconf 87' lang='lat' dir='ltr'><strong>inquit,</strong></span> <span class='ocrx_word' id='word_1_62' title='bbox 612 1450 720 1522; x_wconf 87' lang='lat' dir='ltr'><strong>sertis</strong></span> <span class='ocrx_word' id='word_1_63' title='bbox 747 1447 890 1521; x_wconf 88' lang='lat' dir='ltr'><strong>etssore</strong></span> <span class='ocrx_word' id='word_1_64' title='bbox 915 1447 1090 1533; x_wconf 84' lang='lat' dir='ltr'><strong>revincta,</strong></span> 
     </span>
    </p>

    <p class='ocr_par' dir='ltr' id='par_1_7' title="bbox 84 1563 1337 1786">
     <span class='ocr_line' id='line_1_11' title="bbox 84 1563 1337 1668; baseline -0.002 -30"><span class='ocrx_word' id='word_1_65' title='bbox 84 1626 94 1657; x_wconf 64' lang='lat'><em>,</em></span> <span class='ocrx_word' id='word_1_66' title='bbox 150 1567 291 1668; x_wconf 87' lang='lat' dir='ltr'><strong>Sponte</strong></span> <span class='ocrx_word' id='word_1_67' title='bbox 315 1585 448 1667; x_wconf 88' lang='lat' dir='ltr'><strong>petens</strong></span> <span class='ocrx_word' id='word_1_68' title='bbox 474 1595 572 1661; x_wconf 67' lang='lat' dir='ltr'><strong>aras,</strong></span> <span class='ocrx_word' id='word_1_69' title='bbox 625 1569 741 1640; x_wconf 89' lang='lat' dir='ltr'><strong>Simul</strong></span> <span class='ocrx_word' id='word_1_70' title='bbox 765 1571 879 1657; x_wconf 86' lang='lat' dir='ltr'><strong>haec,</strong></span> <span class='ocrx_word' id='word_1_71' title='bbox 915 1566 1023 1638; x_wconf 91' lang='lat' dir='ltr'><strong>simul</strong></span> <span class='ocrx_word' id='word_1_72' title='bbox 1048 1563 1182 1654; x_wconf 86' lang='lat' dir='ltr'><strong>effera,</strong></span> <span class='ocrx_word' id='word_1_73' title='bbox 1221 1589 1337 1636; x_wconf 91' lang='lat' dir='ltr'><strong>cornu</strong></span> 
     </span>
     <span class='ocr_line' id='line_1_12' title="bbox 149 1685 1193 1786; baseline -0.003 -28"><span class='ocrx_word' id='word_1_74' title='bbox 149 1687 232 1784; x_wconf 81' lang='lat' dir='ltr'><strong>(Sia</strong></span> <span class='ocrx_word' id='word_1_75' title='bbox 255 1689 353 1784; x_wconf 88' lang='lat' dir='ltr'><strong>rata)</strong></span> <span class='ocrx_word' id='word_1_76' title='bbox 381 1687 569 1786; x_wconf 85' lang='lat' dir='ltr'><strong>corripuit.</strong></span> <span class='ocrx_word' id='word_1_77' title='bbox 619 1690 699 1760; x_wconf 87' lang='lat' dir='ltr'><strong>Nec</strong></span> <span class='ocrx_word' id='word_1_78' title='bbox 725 1689 874 1786; x_wconf 82' lang='lat' dir='ltr'><strong>segnior</strong></span> <span class='ocrx_word' id='word_1_79' title='bbox 898 1688 979 1786; x_wconf 91' lang='lat' dir='ltr'><strong>ipse</strong></span> <span class='ocrx_word' id='word_1_80' title='bbox 1003 1685 1193 1764; x_wconf 84' lang='lat' dir='ltr'><strong>timentem</strong></span> 
     </span>
    </p>

    <p class='ocr_par' dir='ltr' id='par_1_8' title="bbox 146 1805 1334 2026">
     <span class='ocr_line' id='line_1_13' title="bbox 146 1805 1334 1906; baseline 0 -28"><span class='ocrx_word' id='word_1_81' title='bbox 146 1807 262 1906; x_wconf 81' lang='lat' dir='ltr'><strong>Urget</strong></span> <span class='ocrx_word' id='word_1_82' title='bbox 286 1831 399 1904; x_wconf 83' lang='lat' dir='ltr'><strong>agens</strong></span> <span class='ocrx_word' id='word_1_83' title='bbox 424 1806 613 1903; x_wconf 88' lang='lat' dir='ltr'><strong>Helymus.</strong></span> <span class='ocrx_word' id='word_1_84' title='bbox 665 1808 808 1879; x_wconf 86' lang='lat' dir='ltr'><strong>Medios</strong></span> <span class='ocrx_word' id='word_1_85' title='bbox 833 1809 1003 1905; x_wconf 89' lang='lat' dir='ltr'><strong>interque</strong></span> <span class='ocrx_word' id='word_1_86' title='bbox 1028 1805 1202 1879; x_wconf 89' lang='lat' dir='ltr'><strong>tumultus</strong></span> <span class='ocrx_word' id='word_1_87' title='bbox 1265 1823 1334 1892; x_wconf 85' lang='lat'><strong>190</strong></span> 
     </span>
     <span class='ocr_line' id='line_1_14' title="bbox 146 1924 1129 2026; baseline -0.001 -28"><span class='ocrx_word' id='word_1_88' title='bbox 146 1931 352 2026; x_wconf 89' lang='lat' dir='ltr'><strong>Erumpens</strong></span> <span class='ocrx_word' id='word_1_89' title='bbox 378 1925 496 1994; x_wconf 89' lang='lat' dir='ltr'><strong>tenuit</strong></span> <span class='ocrx_word' id='word_1_90' title='bbox 520 1924 641 2016; x_wconf 87' lang='lat' dir='ltr'><strong>lanio,</strong></span> <span class='ocrx_word' id='word_1_91' title='bbox 668 1928 925 2025; x_wconf 85' lang='lat' dir='ltr'><strong>obscuraeque</strong></span> <span class='ocrx_word' id='word_1_92' title='bbox 949 1926 1129 1997; x_wconf 84' lang='lat' dir='ltr'><strong>tabernae</strong></span> 
     </span>
    </p>

    <p class='ocr_par' dir='ltr' id='par_1_9' title="bbox 142 2044 1330 2628">
     <span class='ocr_line' id='line_1_15' title="bbox 144 2044 1041 2122; baseline -0.007 0"><span class='ocrx_word' id='word_1_93' title='bbox 144 2052 242 2122; x_wconf 84' lang='lat' dir='ltr'><strong>Ante</strong></span> <span class='ocrx_word' id='word_1_94' title='bbox 264 2046 366 2120; x_wconf 86' lang='lat' dir='ltr'><strong>fores</strong></span> <span class='ocrx_word' id='word_1_95' title='bbox 390 2044 500 2115; x_wconf 82' lang='lat' dir='ltr'><strong>traxit</strong></span> <span class='ocrx_word' id='word_1_96' title='bbox 524 2044 637 2118; x_wconf 88' lang='lat' dir='ltr'><strong>multa</strong></span> <span class='ocrx_word' id='word_1_97' title='bbox 663 2047 868 2120; x_wconf 85' lang='lat' dir='ltr'><strong>exundante</strong></span> <span class='ocrx_word' id='word_1_98' title='bbox 894 2062 1041 2117; x_wconf 85' lang='lat' dir='ltr'><strong>caterva</strong></span> 
     </span>
     <span class='ocr_line' id='line_1_16' title="bbox 146 2165 1157 2266; baseline -0.002 -25"><span class='ocrx_word' id='word_1_99' title='bbox 146 2169 440 2265; x_wconf 80' lang='lat' dir='ltr'><strong>Circumquaque</strong></span> <span class='ocrx_word' id='word_1_100' title='bbox 464 2165 594 2243; x_wconf 81' lang='lat' dir='ltr'><strong>virum.</strong></span> <span class='ocrx_word' id='word_1_101' title='bbox 644 2169 726 2240; x_wconf 88' lang='lat' dir='ltr'><strong>Jam</strong></span> <span class='ocrx_word' id='word_1_102' title='bbox 752 2168 879 2240; x_wconf 81' lang='lat' dir='ltr'><strong>vulnus</strong></span> <span class='ocrx_word' id='word_1_103' title='bbox 904 2168 974 2238; x_wconf 88' lang='lat' dir='ltr'><strong>rite</strong></span> <span class='ocrx_word' id='word_1_104' title='bbox 998 2165 1157 2266; x_wconf 87' lang='lat' dir='ltr'><strong>parabat</strong></span> 
     </span>
     <span class='ocr_line' id='line_1_17' title="bbox 144 2263 1172 2362; baseline 0.001 -3"><span class='ocrx_word' id='word_1_105' title='bbox 144 2291 326 2360; x_wconf 82' lang='lat' dir='ltr'><strong>Mactator</strong></span> <span class='ocrx_word' id='word_1_106' title='bbox 349 2285 471 2362; x_wconf 78' lang='lat' dir='ltr'><strong>ferus:</strong></span> <span class='ocrx_word' id='word_1_107' title='bbox 496 2290 595 2359; x_wconf 82' lang='lat' dir='ltr'><strong>ane</strong></span> <span class='ocrx_word' id='word_1_108' title='bbox 622 2263 744 2360; x_wconf 75' lang='lat' dir='ltr'><strong>autem</strong></span> <span class='ocrx_word' id='word_1_109' title='bbox 770 2289 855 2360; x_wconf 92' lang='lat' dir='ltr'><strong>dum</strong></span> <span class='ocrx_word' id='word_1_110' title='bbox 880 2287 1034 2359; x_wconf 87' lang='lat' dir='ltr'><strong>brachia</strong></span> <span class='ocrx_word' id='word_1_111' title='bbox 1059 2287 1172 2360; x_wconf 89' lang='lat' dir='ltr'><strong>nudat</strong></span> 
     </span>
     <span class='ocr_line' id='line_1_18' title="bbox 142 2405 1330 2506; baseline -0.003 -25"><span class='ocrx_word' id='word_1_112' title='bbox 142 2408 288 2506; x_wconf 81' lang='lat' dir='ltr'><strong>Vagina</strong></span> <span class='ocrx_word' id='word_1_113' title='bbox 313 2405 503 2479; x_wconf 78' lang='lat' dir='ltr'><strong>exsolvens</strong></span> <span class='ocrx_word' id='word_1_114' title='bbox 529 2406 704 2497; x_wconf 87' lang='lat' dir='ltr'><strong>cultrum,</strong></span> <span class='ocrx_word' id='word_1_115' title='bbox 732 2407 818 2480; x_wconf 91' lang='lat' dir='ltr'><strong>dum</strong></span> <span class='ocrx_word' id='word_1_116' title='bbox 843 2425 962 2480; x_wconf 87' lang='lat' dir='ltr'><strong>testea</strong></span> <span class='ocrx_word' id='word_1_117' title='bbox 985 2424 1073 2481; x_wconf 84' lang='lat' dir='ltr'><strong>rasa</strong></span> <span class='ocrx_word' id='word_1_118' title='bbox 1261 2423 1330 2492; x_wconf 79' lang='lat'><strong>195</strong></span> 
     </span>
     <span class='ocr_line' id='line_1_19' title="bbox 143 2524 1062 2628; baseline -0.003 -29"><span class='ocrx_word' id='word_1_119' title='bbox 143 2527 352 2624; x_wconf 85' lang='lat' dir='ltr'><strong>Subjieiunt</strong></span> <span class='ocrx_word' id='word_1_120' title='bbox 377 2525 439 2598; x_wconf 88' lang='lat' dir='ltr'><strong>alii</strong></span> <span class='ocrx_word' id='word_1_121' title='bbox 466 2524 623 2598; x_wconf 81' lang='lat' dir='ltr'><strong>calidum</strong></span> <span class='ocrx_word' id='word_1_122' title='bbox 650 2546 847 2628; x_wconf 85' lang='lat' dir='ltr'><strong>exceptura</strong></span> <span class='ocrx_word' id='word_1_123' title='bbox 872 2552 1062 2621; x_wconf 72' lang='lat' dir='ltr'><strong>cruorem3</strong></span> 
     </span>
    </p>

    <p class='ocr_par' dir='ltr' id='par_1_10' title="bbox 140 2646 1155 2746">
     <span class='ocr_line' id='line_1_20' title="bbox 140 2646 1155 2746; baseline 0.002 -29"><span class='ocrx_word' id='word_1_124' title='bbox 140 2648 222 2736; x_wconf 80' lang='lat' dir='ltr'><strong>Heu</strong></span> <span class='ocrx_word' id='word_1_125' title='bbox 246 2648 374 2735; x_wconf 88' lang='lat' dir='ltr'><strong>matri,</strong></span> <span class='ocrx_word' id='word_1_126' title='bbox 399 2646 473 2718; x_wconf 88' lang='lat' dir='ltr'><strong>heu</strong></span> <span class='ocrx_word' id='word_1_127' title='bbox 497 2670 655 2746; x_wconf 90' lang='lat' dir='ltr'><strong>sponso,</strong></span> <span class='ocrx_word' id='word_1_128' title='bbox 683 2647 729 2720; x_wconf 90' lang='lat' dir='ltr'><strong>de</strong></span> <span class='ocrx_word' id='word_1_129' title='bbox 755 2647 844 2722; x_wconf 90' lang='lat' dir='ltr'><strong>sede</strong></span> <span class='ocrx_word' id='word_1_130' title='bbox 869 2648 1053 2720; x_wconf 88' lang='lat' dir='ltr'><strong>tuentibus</strong></span> <span class='ocrx_word' id='word_1_131' title='bbox 1080 2649 1155 2719; x_wconf 86' lang='lat' dir='ltr'><strong>alta</strong></span> 
     </span>
    </p>

    <p class='ocr_par' dir='ltr' id='par_1_11' title="bbox 139 2763 1152 2869">
     <span class='ocr_line' id='line_1_21' title="bbox 139 2763 1152 2869; baseline 0.005 -33"><span class='ocrx_word' id='word_1_132' title='bbox 139 2765 262 2837; x_wconf 79' lang='lat' dir='ltr'><strong>Triste</strong></span> <span class='ocrx_word' id='word_1_133' title='bbox 287 2763 550 2856; x_wconf 86' lang='lat' dir='ltr'><strong>ministerium,</strong></span> <span class='ocrx_word' id='word_1_134' title='bbox 576 2766 721 2838; x_wconf 85' lang='lat' dir='ltr'><strong>sublata</strong></span> <span class='ocrx_word' id='word_1_135' title='bbox 745 2769 890 2864; x_wconf 87' lang='lat' dir='ltr'><strong>utrique</strong></span> <span class='ocrx_word' id='word_1_136' title='bbox 915 2786 1069 2869; x_wconf 87' lang='lat' dir='ltr'><strong>repente</strong></span> <span class='ocrx_word' id='word_1_137' title='bbox 1095 2786 1152 2842; x_wconf 88' lang='lat' dir='ltr'><strong>est</strong></span> 
     </span>
    </p>

    <p class='ocr_par' dir='ltr' id='par_1_12' title="bbox 139 2881 1217 2983">
     <span class='ocr_line' id='line_1_22' title="bbox 139 2881 1217 2983; baseline 0.006 -27"><span class='ocrx_word' id='word_1_138' title='bbox 139 2889 194 2956; x_wconf 84' lang='lat' dir='ltr'><strong>Ex</strong></span> <span class='ocrx_word' id='word_1_139' title='bbox 215 2881 332 2958; x_wconf 82' lang='lat' dir='ltr'><strong>oculis</strong></span> <span class='ocrx_word' id='word_1_140' title='bbox 358 2881 474 2955; x_wconf 89' lang='lat' dir='ltr'><strong>nubes</strong></span> <span class='ocrx_word' id='word_1_141' title='bbox 500 2883 663 2981; x_wconf 80' lang='lat' dir='ltr'><strong>magicat</strong></span> <span class='ocrx_word' id='word_1_142' title='bbox 690 2901 727 2955; x_wconf 84' lang='lat' dir='ltr'><strong>et</strong></span> <span class='ocrx_word' id='word_1_143' title='bbox 752 2902 876 2955; x_wconf 89' lang='lat' dir='ltr'><strong>natam</strong></span> <span class='ocrx_word' id='word_1_144' title='bbox 900 2886 963 2958; x_wconf 86' lang='lat' dir='ltr'><strong>illa</strong></span> <span class='ocrx_word' id='word_1_145' title='bbox 988 2905 1217 2983; x_wconf 87' lang='lat' dir='ltr'><strong>trementem,</strong></span> 
     </span>
    </p>

    <p class='ocr_par' dir='ltr' id='par_1_13' title="bbox 135 3002 1326 3222">
     <span class='ocr_line' id='line_1_23' title="bbox 136 3002 1326 3111; baseline 0.004 -34"><span class='ocrx_word' id='word_1_146' title='bbox 136 3009 184 3077; x_wconf 87' lang='lat' dir='ltr'><strong>Et</strong></span> <span class='ocrx_word' id='word_1_147' title='bbox 202 3003 635 3104; x_wconf 86' lang='lat' dir='ltr'><strong>sponsamhiemiseram,</strong></span> <span class='ocrx_word' id='word_1_148' title='bbox 660 3002 861 3103; x_wconf 85' lang='lat' dir='ltr'><strong>pallentem</strong></span> <span class='ocrx_word' id='word_1_149' title='bbox 871 3026 989 3078; x_wconf 87' lang='lat' dir='ltr'><strong>morte</strong></span> <span class='ocrx_word' id='word_1_150' title='bbox 1006 3010 1237 3111; x_wconf 74' lang='lat' dir='ltr'><strong>propinqua,&#39;</strong></span> <span class='ocrx_word' id='word_1_151' title='bbox 1255 3024 1326 3093; x_wconf 78' lang='lat'><strong>200</strong></span> 
     </span>
     <span class='ocr_line' id='line_1_24' title="bbox 135 3122 1126 3222; baseline 0.007 -29"><span class='ocrx_word' id='word_1_152' title='bbox 135 3122 440 3222; x_wconf 79' lang='lat' dir='ltr'><strong>Tendentemque</strong></span> <span class='ocrx_word' id='word_1_153' title='bbox 464 3149 615 3214; x_wconf 88' lang='lat' dir='ltr'><strong>manus,</strong></span> <span class='ocrx_word' id='word_1_154' title='bbox 642 3141 679 3195; x_wconf 89' lang='lat' dir='ltr'><strong>et</strong></span> <span class='ocrx_word' id='word_1_155' title='bbox 704 3123 828 3198; x_wconf 84' lang='lat' dir='ltr'><strong>sidera</strong></span> <span class='ocrx_word' id='word_1_156' title='bbox 849 3154 941 3202; x_wconf 86' lang='lat' dir='ltr'><strong>voee</strong></span> <span class='ocrx_word' id='word_1_157' title='bbox 966 3130 1126 3202; x_wconf 84' lang='lat' dir='ltr'><strong>cientem</strong></span> 
     </span>
    </p>

    <p class='ocr_par' dir='ltr' id='par_1_14' title="bbox 133 3243 1020 3346">
     <span class='ocr_line' id='line_1_25' title="bbox 133 3243 1020 3346; baseline 0.006 -31"><span class='ocrx_word' id='word_1_158' title='bbox 133 3243 265 3315; x_wconf 79' lang='lat' dir='ltr'><strong>Infelix</strong></span> <span class='ocrx_word' id='word_1_159' title='bbox 289 3244 395 3319; x_wconf 77' lang='lat' dir='ltr'><strong>viditt</strong></span> <span class='ocrx_word' id='word_1_160' title='bbox 421 3243 584 3341; x_wconf 89' lang='lat' dir='ltr'><strong>reliquos</strong></span> <span class='ocrx_word' id='word_1_161' title='bbox 606 3245 704 3317; x_wconf 91' lang='lat' dir='ltr'><strong>idem</strong></span> <span class='ocrx_word' id='word_1_162' title='bbox 731 3267 890 3346; x_wconf 87' lang='lat' dir='ltr'><strong>occupat</strong></span> <span class='ocrx_word' id='word_1_163' title='bbox 916 3275 1020 3320; x_wconf 87' lang='lat' dir='ltr'><strong>error</strong></span> 
     </span>
    </p>
   </div>
   <div class='ocr_carea' id='block_1_3' title="bbox 17 3360 1138 3462">
    <p class='ocr_par' dir='ltr' id='par_1_15' title="bbox 17 3360 1138 3462">
     <span class='ocr_line' id='line_1_26' title="bbox 17 3360 1138 3462; baseline 0.009 -28"><span class='ocrx_word' id='word_1_164' title='bbox 17 3429 19 3434; x_wconf 79' lang='grc'>,</span> <span class='ocrx_word' id='word_1_165' title='bbox 130 3368 179 3436; x_wconf 89' lang='lat' dir='ltr'><strong>Et</strong></span> <span class='ocrx_word' id='word_1_166' title='bbox 203 3362 346 3462; x_wconf 86' lang='lat' dir='ltr'><strong>speeies</strong></span> <span class='ocrx_word' id='word_1_167' title='bbox 371 3360 524 3436; x_wconf 88' lang='lat' dir='ltr'><strong>mentita</strong></span> <span class='ocrx_word' id='word_1_168' title='bbox 547 3363 662 3462; x_wconf 87' lang='lat' dir='ltr'><strong>prior.</strong></span> <span class='ocrx_word' id='word_1_169' title='bbox 711 3366 799 3439; x_wconf 86' lang='lat' dir='ltr'><strong>Ruit</strong></span> <span class='ocrx_word' id='word_1_170' title='bbox 823 3367 942 3448; x_wconf 80' lang='lat' dir='ltr'><strong>exeita</strong></span> <span class='ocrx_word' id='word_1_171' title='bbox 965 3369 1138 3444; x_wconf 89' lang='lat' dir='ltr'><strong>monstris</strong></span> 
     </span>
    </p>
   </div>
   <div class='ocr_carea' id='block_1_4' title="bbox 128 3480 1322 3708">
    <p class='ocr_par' dir='ltr' id='par_1_16' title="bbox 128 3480 1322 3708">
     <span class='ocr_line' id='line_1_27' title="bbox 128 3480 1239 3584; baseline 0.008 -30"><span class='ocrx_word' id='word_1_172' title='bbox 128 3487 200 3554; x_wconf 89' lang='lat' dir='ltr'><strong>Per</strong></span> <span class='ocrx_word' id='word_1_173' title='bbox 225 3481 366 3553; x_wconf 88' lang='lat' dir='ltr'><strong>medios</strong></span> <span class='ocrx_word' id='word_1_174' title='bbox 393 3480 592 3554; x_wconf 86' lang='lat' dir='ltr'><strong>furibunda</strong></span> <span class='ocrx_word' id='word_1_175' title='bbox 616 3511 770 3584; x_wconf 90' lang='lat' dir='ltr'><strong>parens,</strong></span> <span class='ocrx_word' id='word_1_176' title='bbox 797 3505 852 3575; x_wconf 88' lang='lat' dir='ltr'><strong>te,</strong></span> <span class='ocrx_word' id='word_1_177' title='bbox 880 3491 1048 3578; x_wconf 89' lang='lat' dir='ltr'><strong>nomine,</strong></span> <span class='ocrx_word' id='word_1_178' title='bbox 1075 3492 1239 3563; x_wconf 83' lang='lat' dir='ltr'><strong>Thamar</strong></span> 
     </span>
     <span class='ocr_line' id='line_1_28' title="bbox 130 3599 1322 3708; baseline 0.009 -35"><span class='ocrx_word' id='word_1_179' title='bbox 130 3599 1224 3708; x_wconf 76' lang='lat' dir='ltr'><strong>(Namquealiudquidagatl),te‚gnata,heuviotimaDitis,</strong></span> <span class='ocrx_word' id='word_1_180' title='bbox 1251 3625 1322 3697; x_wconf 79' lang='lat'><strong>205</strong></span> 
     </span>
    </p>
   </div>
   <div class='ocr_carea' id='block_1_5' title="bbox 125 3808 1092 4059">
    <p class='ocr_par' dir='ltr' id='par_1_17' title="bbox 125 3808 1092 4059">
     <span class='ocr_line' id='line_1_29' title="bbox 125 3808 591 3864; baseline 0.013 -6"><span class='ocrx_word' id='word_1_181' title='bbox 125 3808 160 3858; x_wconf 86' lang='lat' dir='ltr'><strong>V.</strong></span> <span class='ocrx_word' id='word_1_182' title='bbox 181 3811 231 3863; x_wconf 81' lang='lat' dir='ltr'><strong>ist</strong></span> <span class='ocrx_word' id='word_1_183' title='bbox 251 3815 280 3860; x_wconf 83' lang='lat' dir='ltr'><strong>et</strong></span> <span class='ocrx_word' id='word_1_184' title='bbox 298 3811 358 3864; x_wconf 73' lang='lat'>18³.</span> <span class='ocrx_word' id='word_1_185' title='bbox 377 3809 449 3860; x_wconf 83' lang='lat' dir='ltr'><strong>Edit.</strong></span> <span class='ocrx_word' id='word_1_186' title='bbox 468 3811 591 3863; x_wconf 71' lang='lat' dir='ltr'><strong>Venetas</strong></span> 
     </span>
     <span class='ocr_line' id='line_1_30' title="bbox 235 3900 1092 3973; baseline 0.013 -24"><span class='ocrx_word' id='word_1_187' title='bbox 235 3963 239 3972; x_wconf 25' lang='lat'>⁸</span> <span class='ocrx_word' id='word_1_188' title='bbox 268 3965 272 3970; x_wconf 86' lang='lat'>.</span> <span class='ocrx_word' id='word_1_189' title='bbox 334 3900 448 3951; x_wconf 78' lang='lat' dir='ltr'><strong>Centum</strong></span> <span class='ocrx_word' id='word_1_190' title='bbox 467 3901 531 3952; x_wconf 85' lang='lat' dir='ltr'><strong>illue</strong></span> <span class='ocrx_word' id='word_1_191' title='bbox 549 3905 630 3970; x_wconf 79' lang='lat' dir='ltr'><strong>digiti</strong></span> <span class='ocrx_word' id='word_1_192' title='bbox 648 3904 758 3973; x_wconf 86' lang='lat' dir='ltr'><strong>intenti,</strong></span> <span class='ocrx_word' id='word_1_193' title='bbox 778 3919 966 3971; x_wconf 82' lang='lat' dir='ltr'><strong>conversaque</strong></span> <span class='ocrx_word' id='word_1_194' title='bbox 985 3912 1092 3960; x_wconf 85' lang='lat' dir='ltr'><strong>eentum</strong></span> 
     </span>
     <span class='ocr_line' id='line_1_31' title="bbox 333 3993 992 4059; baseline 0.015 -17"><span class='ocrx_word' id='word_1_195' title='bbox 333 3993 459 4044; x_wconf 84' lang='lat' dir='ltr'><strong>Protinus</strong></span> <span class='ocrx_word' id='word_1_196' title='bbox 477 4006 493 4044; x_wconf 87' lang='lat' dir='ltr'><strong>e</strong></span> <span class='ocrx_word' id='word_1_197' title='bbox 511 3995 611 4059; x_wconf 81' lang='lat' dir='ltr'><strong>tectis,</strong></span> <span class='ocrx_word' id='word_1_198' title='bbox 631 4009 647 4045; x_wconf 83' lang='lat' dir='ltr'><strong>o</strong></span> <span class='ocrx_word' id='word_1_199' title='bbox 665 3999 777 4048; x_wconf 85' lang='lat' dir='ltr'><strong>summis</strong></span> <span class='ocrx_word' id='word_1_200' title='bbox 794 4000 916 4050; x_wconf 73' lang='lat' dir='ltr'><strong>turribus</strong></span> <span class='ocrx_word' id='word_1_201' title='bbox 934 4013 992 4052; x_wconf 73' lang='lat' dir='ltr'><strong>ora.</strong></span> 
     </span>
    </p>
   </div>
   <div class='ocr_carea' id='block_1_6' title="bbox 119 4075 716 4223">
    <p class='ocr_par' dir='ltr' id='par_1_18' title="bbox 119 4075 716 4223">
     <span class='ocr_line' id='line_1_32' title="bbox 122 4075 716 4149; baseline 0.02 -22"><span class='ocrx_word' id='word_1_202' title='bbox 122 4075 157 4127; x_wconf 87' lang='lat' dir='ltr'><strong>V.</strong></span> <span class='ocrx_word' id='word_1_203' title='bbox 178 4079 228 4130; x_wconf 77' lang='lat' dir='ltr'><strong>ist</strong></span> <span class='ocrx_word' id='word_1_204' title='bbox 248 4081 275 4130; x_wconf 88' lang='lat' dir='ltr'><strong>in</strong></span> <span class='ocrx_word' id='word_1_205' title='bbox 292 4082 364 4134; x_wconf 79' lang='lat' dir='ltr'><strong>Edit.</strong></span> <span class='ocrx_word' id='word_1_206' title='bbox 383 4085 481 4134; x_wconf 84' lang='lat' dir='ltr'><strong>Venet.</strong></span> <span class='ocrx_word' id='word_1_207' title='bbox 500 4098 555 4136; x_wconf 87' lang='lat' dir='ltr'><strong>non</strong></span> <span class='ocrx_word' id='word_1_208' title='bbox 571 4088 716 4149; x_wconf 77' lang='lat' dir='ltr'><strong>reperitur.</strong></span> 
     </span>
     <span class='ocr_line' id='line_1_33' title="bbox 119 4167 469 4223; baseline 0.017 -6"><span class='ocrx_word' id='word_1_209' title='bbox 119 4167 152 4217; x_wconf 88' lang='lat' dir='ltr'><strong>V.</strong></span> <span class='ocrx_word' id='word_1_210' title='bbox 174 4171 233 4221; x_wconf 75' lang='lat' dir='ltr'><strong>ito.</strong></span> <span class='ocrx_word' id='word_1_211' title='bbox 254 4172 325 4222; x_wconf 84' lang='lat' dir='ltr'><strong>Edit.</strong></span> <span class='ocrx_word' id='word_1_212' title='bbox 345 4174 469 4223; x_wconf 83' lang='lat' dir='ltr'><strong>Veneta:</strong></span> 
     </span>
    </p>
   </div>
   <div class='ocr_carea' id='block_1_7' title="bbox 324 4263 1192 4420">
    <p class='ocr_par' dir='ltr' id='par_1_19' title="bbox 324 4263 1192 4420">
     <span class='ocr_line' id='line_1_34' title="bbox 327 4263 1192 4343; baseline 0.023 -33"><span class='ocrx_word' id='word_1_213' title='bbox 327 4263 414 4327; x_wconf 81' lang='lat' dir='ltr'><strong>Urget</strong></span> <span class='ocrx_word' id='word_1_214' title='bbox 430 4277 521 4330; x_wconf 80' lang='lat' dir='ltr'><strong>agens</strong></span> <span class='ocrx_word' id='word_1_215' title='bbox 532 4266 673 4330; x_wconf 78' lang='lat' dir='ltr'><strong>Helymus.</strong></span> <span class='ocrx_word' id='word_1_216' title='bbox 714 4273 832 4324; x_wconf 83' lang='lat' dir='ltr'><strong>Medium</strong></span> <span class='ocrx_word' id='word_1_217' title='bbox 851 4287 932 4337; x_wconf 83' lang='lat' dir='ltr'><strong>quum</strong></span> <span class='ocrx_word' id='word_1_218' title='bbox 960 4277 1076 4340; x_wconf 79' lang='lat' dir='ltr'><strong>denique</strong></span> <span class='ocrx_word' id='word_1_219' title='bbox 1091 4276 1192 4343; x_wconf 71' lang='lat' dir='ltr'><strong>vulgo!</strong></span> 
     </span>
     <span class='ocr_line' id='line_1_35' title="bbox 324 4352 586 4420; baseline 0.027 -18"><span class='ocrx_word' id='word_1_220' title='bbox 324 4352 532 4420; x_wconf 70' lang='lat' dir='ltr'><strong>irrumpens.</strong></span> <span class='ocrx_word' id='word_1_221' title='bbox 552 4392 559 4408; x_wconf 88' lang='lat'><em>.</em></span> <span class='ocrx_word' id='word_1_222' title='bbox 579 4393 586 4409; x_wconf 93' lang='lat'>.</span> 
     </span>
    </p>
   </div>
   <div class='ocr_carea' id='block_1_8' title="bbox 0 0 1484 4908">
    <p class='ocr_par' dir='ltr' id='par_1_20' title="bbox 0 0 1484 4908">
     <span class='ocr_line' id='line_1_36' title="bbox 0 0 1484 4908; baseline 0 7"><span class='ocrx_word' id='word_1_223' title='bbox 0 0 1484 4908; x_wconf 95' lang='lat' dir='ltr'><strong> </strong></span> 
     </span>
    </p>
   </div>
  </div>
 </body>
</html>
