<?xml version="1.0" encoding="UTF-8"?>
<!DOCTYPE html PUBLIC "-//W3C//DTD XHTML 1.0 Transitional//EN"
    "http://www.w3.org/TR/xhtml1/DTD/xhtml1-transitional.dtd">
<html xmlns="http://www.w3.org/1999/xhtml" xml:lang="en" lang="en">
 <head>
  <title>
</title>
<meta http-equiv="Content-Type" content="text/html;charset=utf-8" />
  <meta name='ocr-system' content='tesseract 3.04.00' />
  <meta name='ocr-capabilities' content='ocr_page ocr_carea ocr_par ocr_line ocrx_word'/>
</head>
<body>
  <div class='ocr_page' id='page_1' title='image "./jesuspuerpoema00gratgoog_0183.png"; bbox 0 0 2960 4908; ppageno 0'>
   <div class='ocr_carea' id='block_1_1' title="bbox 124 211 928 292">
    <p class='ocr_par' dir='ltr' id='par_1_1' title="bbox 124 211 928 292">
     <span class='ocr_line' id='line_1_1' title="bbox 124 211 928 292; baseline -0.009 -1"><span class='ocrx_word' id='word_1_1' title='bbox 124 219 195 292; x_wconf 80' lang='lat'>152</span> <span class='ocrx_word' id='word_1_2' title='bbox 539 211 785 282; x_wconf 79' lang='lat' dir='ltr'>LIRER</span> <span class='ocrx_word' id='word_1_3' title='bbox 834 212 928 284; x_wconf 86' lang='lat' dir='ltr'>VIII.</span> 
     </span>
    </p>
   </div>
   <div class='ocr_carea' id='block_1_2' title="bbox 122 402 1310 1706">
    <p class='ocr_par' dir='ltr' id='par_1_2' title="bbox 122 402 1307 625">
     <span class='ocr_line' id='line_1_2' title="bbox 122 402 1307 504; baseline 0.002 -26"><span class='ocrx_word' id='word_1_4' title='bbox 122 402 268 504; x_wconf 82' lang='lat' dir='ltr'>Eripuit</span> <span class='ocrx_word' id='word_1_5' title='bbox 290 406 459 494; x_wconf 87' lang='lat' dir='ltr'>Puerum,</span> <span class='ocrx_word' id='word_1_6' title='bbox 481 429 641 504; x_wconf 86' lang='lat' dir='ltr'>spesque</span> <span class='ocrx_word' id='word_1_7' title='bbox 665 405 769 478; x_wconf 90' lang='lat' dir='ltr'>irrita</span> <span class='ocrx_word' id='word_1_8' title='bbox 794 405 906 477; x_wconf 80' lang='lat' dir='ltr'><strong>cessit</strong></span> <span class='ocrx_word' id='word_1_9' title='bbox 930 405 970 476; x_wconf 91' lang='lat' dir='ltr'>in</span> <span class='ocrx_word' id='word_1_10' title='bbox 984 431 1113 504; x_wconf 18' lang='lat' dir='ltr'>*auras</span> <span class='ocrx_word' id='word_1_11' title='bbox 1236 418 1307 496; x_wconf 69' lang='lat'>345</span> 
     </span>
     <span class='ocr_line' id='line_1_3' title="bbox 122 523 1092 625; baseline 0.002 -29"><span class='ocrx_word' id='word_1_12' title='bbox 122 526 202 597; x_wconf 89' lang='lat' dir='ltr'>Nec</span> <span class='ocrx_word' id='word_1_13' title='bbox 226 523 329 624; x_wconf 87' lang='lat' dir='ltr'>prius</span> <span class='ocrx_word' id='word_1_14' title='bbox 356 523 510 597; x_wconf 83' lang='lat' dir='ltr'>advertit</span> <span class='ocrx_word' id='word_1_15' title='bbox 534 527 665 619; x_wconf 85' lang='lat' dir='ltr'>Mater,</span> <span class='ocrx_word' id='word_1_16' title='bbox 692 549 806 624; x_wconf 86' lang='lat' dir='ltr'>quam</span> <span class='ocrx_word' id='word_1_17' title='bbox 827 525 984 625; x_wconf 83' lang='lat' dir='ltr'>pristina</span> <span class='ocrx_word' id='word_1_18' title='bbox 1008 550 1092 598; x_wconf 86' lang='lat' dir='ltr'>sero</span> 
     </span>
    </p>

    <p class='ocr_par' dir='ltr' id='par_1_3' title="bbox 123 644 1309 984">
     <span class='ocr_line' id='line_1_4' title="bbox 123 644 1217 744; baseline -0.001 -26"><span class='ocrx_word' id='word_1_19' title='bbox 123 645 292 744; x_wconf 84' lang='lat' dir='ltr'>Vespere</span> <span class='ocrx_word' id='word_1_20' title='bbox 316 670 420 717; x_wconf 89' lang='lat' dir='ltr'>mens</span> <span class='ocrx_word' id='word_1_21' title='bbox 446 644 567 740; x_wconf 88' lang='lat' dir='ltr'>rediit,</span> <span class='ocrx_word' id='word_1_22' title='bbox 594 671 724 718; x_wconf 89' lang='lat' dir='ltr'>somno</span> <span class='ocrx_word' id='word_1_23' title='bbox 749 645 846 718; x_wconf 83' lang='lat' dir='ltr'>velut</span> <span class='ocrx_word' id='word_1_24' title='bbox 869 645 997 717; x_wconf 84' lang='lat' dir='ltr'>excita.</span> <span class='ocrx_word' id='word_1_25' title='bbox 1046 648 1140 717; x_wconf 83' lang='lat' dir='ltr'>Turn</span> <span class='ocrx_word' id='word_1_26' title='bbox 1162 671 1217 736; x_wconf 88' lang='lat' dir='ltr'>se,</span> 
     </span>
     <span class='ocr_line' id='line_1_5' title="bbox 125 765 1309 863; baseline 0.002 -29"><span class='ocrx_word' id='word_1_27' title='bbox 125 766 221 834; x_wconf 80' lang='lat' dir='ltr'>Tum</span> <span class='ocrx_word' id='word_1_28' title='bbox 246 765 398 837; x_wconf 79' lang='lat' dir='ltr'>comites</span> <span class='ocrx_word' id='word_1_29' title='bbox 424 765 574 855; x_wconf 89' lang='lat' dir='ltr'>circum,</span> <span class='ocrx_word' id='word_1_30' title='bbox 600 784 637 839; x_wconf 92' lang='lat' dir='ltr'>et</span> <span class='ocrx_word' id='word_1_31' title='bbox 655 766 752 838; x_wconf 86' lang='lat' dir='ltr'>latus</span> <span class='ocrx_word' id='word_1_32' title='bbox 776 765 987 863; x_wconf 87' lang='lat' dir='ltr'>hincatque</span> <span class='ocrx_word' id='word_1_33' title='bbox 1013 765 1100 836; x_wconf 91' lang='lat' dir='ltr'>hinc</span> <span class='ocrx_word' id='word_1_34' title='bbox 1125 765 1309 840; x_wconf 88' lang='lat' dir='ltr'>desertum</span> 
     </span>
     <span class='ocr_line' id='line_1_6' title="bbox 124 885 1108 984; baseline -0.001 -26"><span class='ocrx_word' id='word_1_35' title='bbox 124 890 250 984; x_wconf 87' lang='lat' dir='ltr'>Atque</span> <span class='ocrx_word' id='word_1_36' title='bbox 274 911 423 958; x_wconf 89' lang='lat' dir='ltr'>manum</span> <span class='ocrx_word' id='word_1_37' title='bbox 447 910 600 957; x_wconf 86' lang='lat' dir='ltr'>vacuam</span> <span class='ocrx_word' id='word_1_38' title='bbox 625 885 777 958; x_wconf 87' lang='lat' dir='ltr'>coelesti</span> <span class='ocrx_word' id='word_1_39' title='bbox 802 885 956 984; x_wconf 83' lang='lat' dir='ltr'>pignore</span> <span class='ocrx_word' id='word_1_40' title='bbox 982 885 1108 957; x_wconf 90' lang='lat' dir='ltr'>sensit.</span> 
     </span>
    </p>

    <p class='ocr_par' dir='ltr' id='par_1_4' title="bbox 124 979 1310 1228">
     <span class='ocr_line' id='line_1_7' title="bbox 126 979 1310 1107; baseline 0.001 -31"><span class='ocrx_word' id='word_1_41' title='bbox 126 1006 211 1105; x_wconf 84' lang='lat' dir='ltr'>Quo</span> <span class='ocrx_word' id='word_1_42' title='bbox 235 1031 311 1077; x_wconf 90' lang='lat' dir='ltr'>non</span> <span class='ocrx_word' id='word_1_43' title='bbox 335 1006 493 1102; x_wconf 86' lang='lat' dir='ltr'>jactatae</span> <span class='ocrx_word' id='word_1_44' title='bbox 518 1032 641 1098; x_wconf 82' lang='lat' dir='ltr'>voces,</span> <span class='ocrx_word' id='word_1_45' title='bbox 666 1006 897 1107; x_wconf 87' lang='lat' dir='ltr'>repetitaque</span> <span class='ocrx_word' id='word_1_46' title='bbox 921 979 1010 1078; x_wconf 88' lang='lat' dir='ltr'>Jesu</span> <span class='ocrx_word' id='word_1_47' title='bbox 1239 1017 1310 1090; x_wconf 66' lang='lat'>550</span> 
     </span>
     <span class='ocr_line' id='line_1_8' title="bbox 124 1123 1078 1228; baseline 0 -32"><span class='ocrx_word' id='word_1_48' title='bbox 124 1125 297 1215; x_wconf 85' lang='lat' dir='ltr'>Nomina,</span> <span class='ocrx_word' id='word_1_49' title='bbox 322 1151 391 1225; x_wconf 90' lang='lat' dir='ltr'>per</span> <span class='ocrx_word' id='word_1_50' title='bbox 416 1152 539 1199; x_wconf 90' lang='lat' dir='ltr'>muros</span> <span class='ocrx_word' id='word_1_51' title='bbox 562 1129 649 1227; x_wconf 79' lang='lat' dir='ltr'>pagi</span> <span class='ocrx_word' id='word_1_52' title='bbox 674 1152 743 1228; x_wconf 91' lang='lat' dir='ltr'>per</span> <span class='ocrx_word' id='word_1_53' title='bbox 769 1123 929 1199; x_wconf 80' lang='lat' dir='ltr'>frondea</span> <span class='ocrx_word' id='word_1_54' title='bbox 950 1125 1078 1218; x_wconf 88' lang='lat' dir='ltr'>lustra,</span> 
     </span>
    </p>

    <p class='ocr_par' dir='ltr' id='par_1_5' title="bbox 125 1242 1036 1346">
     <span class='ocr_line' id='line_1_9' title="bbox 125 1242 1036 1346; baseline 0.003 -33"><span class='ocrx_word' id='word_1_55' title='bbox 125 1242 330 1341; x_wconf 87' lang='lat' dir='ltr'>lllataeque</span> <span class='ocrx_word' id='word_1_56' title='bbox 355 1243 605 1346; x_wconf 60' lang='lat' dir='ltr'>faeestfquos</span> <span class='ocrx_word' id='word_1_57' title='bbox 630 1273 706 1318; x_wconf 90' lang='lat' dir='ltr'>non</span> <span class='ocrx_word' id='word_1_58' title='bbox 731 1245 857 1318; x_wconf 84' lang='lat' dir='ltr'>adiere</span> <span class='ocrx_word' id='word_1_59' title='bbox 879 1260 1036 1344; x_wconf 77' lang='lat' dir='ltr'>penates</span> 
     </span>
    </p>

    <p class='ocr_par' dir='ltr' id='par_1_6' title="bbox 126 1361 1069 1586">
     <span class='ocr_line' id='line_1_10' title="bbox 126 1361 1069 1467; baseline 0.003 -35"><span class='ocrx_word' id='word_1_60' title='bbox 126 1363 337 1438; x_wconf 88' lang='lat' dir='ltr'>Moerentes</span> <span class='ocrx_word' id='word_1_61' title='bbox 362 1365 486 1438; x_wconf 89' lang='lat' dir='ltr'>sociae</span> <span class='ocrx_word' id='word_1_62' title='bbox 510 1392 579 1466; x_wconf 91' lang='lat' dir='ltr'>per</span> <span class='ocrx_word' id='word_1_63' title='bbox 604 1363 725 1467; x_wconf 83' lang='lat' dir='ltr'>opaca</span> <span class='ocrx_word' id='word_1_64' title='bbox 749 1364 896 1439; x_wconf 90' lang='lat' dir='ltr'>silentia</span> <span class='ocrx_word' id='word_1_65' title='bbox 919 1361 1069 1437; x_wconf 77' lang='lat' dir='ltr'>noctis?</span> 
     </span>
     <span class='ocr_line' id='line_1_11' title="bbox 127 1481 1031 1586; baseline 0.006 -34"><span class='ocrx_word' id='word_1_66' title='bbox 127 1481 379 1575; x_wconf 82' lang='lat' dir='ltr'>Semianimis,</span> <span class='ocrx_word' id='word_1_67' title='bbox 405 1486 548 1585; x_wconf 83' lang='lat' dir='ltr'>lugens,</span> <span class='ocrx_word' id='word_1_68' title='bbox 576 1504 612 1559; x_wconf 89' lang='lat' dir='ltr'>et</span> <span class='ocrx_word' id='word_1_69' title='bbox 637 1503 745 1558; x_wconf 79' lang='lat' dir='ltr'>acuta</span> <span class='ocrx_word' id='word_1_70' title='bbox 770 1484 923 1586; x_wconf 82' lang='lat' dir='ltr'>cuspide</span> <span class='ocrx_word' id='word_1_71' title='bbox 950 1484 1031 1574; x_wconf 87' lang='lat' dir='ltr'>fixa,</span> 
     </span>
    </p>

    <p class='ocr_par' dir='ltr' id='par_1_7' title="bbox 125 1601 1308 1706">
     <span class='ocr_line' id='line_1_12' title="bbox 125 1601 1308 1706; baseline 0 -32"><span class='ocrx_word' id='word_1_72' title='bbox 125 1606 325 1704; x_wconf 87' lang='lat' dir='ltr'>Postquam</span> <span class='ocrx_word' id='word_1_73' title='bbox 351 1605 424 1677; x_wconf 85' lang='lat' dir='ltr'>alte</span> <span class='ocrx_word' id='word_1_74' title='bbox 440 1609 628 1706; x_wconf 81' lang='lat' dir='ltr'>ingruerat</span> <span class='ocrx_word' id='word_1_75' title='bbox 644 1632 728 1678; x_wconf 86' lang='lat' dir='ltr'>sero</span> <span class='ocrx_word' id='word_1_76' title='bbox 747 1604 1024 1705; x_wconf 83' lang='lat' dir='ltr'>expectantibus</span> <span class='ocrx_word' id='word_1_77' title='bbox 1039 1601 1183 1691; x_wconf 84' lang='lat' dir='ltr'>umbra,</span> <span class='ocrx_word' id='word_1_78' title='bbox 1238 1615 1308 1683; x_wconf 77' lang='lat'>355</span> 
     </span>
    </p>
   </div>
   <div class='ocr_carea' id='block_1_3' title="bbox 13 1723 1015 1826">
    <p class='ocr_par' dir='ltr' id='par_1_8' title="bbox 13 1723 1015 1826">
     <span class='ocr_line' id='line_1_13' title="bbox 13 1723 1015 1826; baseline -0.003 -30"><span class='ocrx_word' id='word_1_79' title='bbox 13 1811 17 1822; x_wconf 31' lang='lat'>¹</span> <span class='ocrx_word' id='word_1_80' title='bbox 128 1723 233 1796; x_wconf 87' lang='lat' dir='ltr'>Orba</span> <span class='ocrx_word' id='word_1_81' title='bbox 258 1749 325 1820; x_wconf 71' lang='lat' dir='ltr'>suo</span> <span class='ocrx_word' id='word_1_82' title='bbox 349 1725 476 1798; x_wconf 82' lang='lat' dir='ltr'>infelix</span> <span class='ocrx_word' id='word_1_83' title='bbox 499 1727 612 1818; x_wconf 82' lang='lat' dir='ltr'>Nato,</span> <span class='ocrx_word' id='word_1_84' title='bbox 639 1743 750 1826; x_wconf 90' lang='lat' dir='ltr'>caput</span> <span class='ocrx_word' id='word_1_85' title='bbox 775 1726 896 1797; x_wconf 87' lang='lat' dir='ltr'>obsita</span> <span class='ocrx_word' id='word_1_86' title='bbox 920 1723 1015 1813; x_wconf 79' lang='lat' dir='ltr'>velo,</span> 
     </span>
    </p>
   </div>
   <div class='ocr_carea' id='block_1_4' title="bbox 128 1840 1198 2194">
    <p class='ocr_par' dir='ltr' id='par_1_9' title="bbox 128 1840 1198 2194">
     <span class='ocr_line' id='line_1_14' title="bbox 129 1840 1159 1944; baseline 0.004 -32"><span class='ocrx_word' id='word_1_87' title='bbox 129 1841 392 1941; x_wconf 82' lang='lat' dir='ltr'>Singultusque</span> <span class='ocrx_word' id='word_1_88' title='bbox 416 1846 517 1917; x_wconf 88' lang='lat' dir='ltr'>ciens</span> <span class='ocrx_word' id='word_1_89' title='bbox 544 1845 644 1916; x_wconf 90' lang='lat' dir='ltr'>bona</span> <span class='ocrx_word' id='word_1_90' title='bbox 666 1846 782 1944; x_wconf 82' lang='lat' dir='ltr'>Virgo</span> <span class='ocrx_word' id='word_1_91' title='bbox 807 1846 846 1916; x_wconf 87' lang='lat' dir='ltr'>in</span> <span class='ocrx_word' id='word_1_92' title='bbox 870 1860 970 1915; x_wconf 85' lang='lat' dir='ltr'>tecta</span> <span class='ocrx_word' id='word_1_93' title='bbox 993 1840 1159 1916; x_wconf 79' lang='lat' dir='ltr'>redibatt</span> 
     </span>
     <span class='ocr_line' id='line_1_15' title="bbox 128 1963 885 2062; baseline 0.005 -32"><span class='ocrx_word' id='word_1_94' title='bbox 128 1963 226 2036; x_wconf 81' lang='lat' dir='ltr'>Tota</span> <span class='ocrx_word' id='word_1_95' title='bbox 251 1965 477 2062; x_wconf 87' lang='lat' dir='ltr'>sequebatur</span> <span class='ocrx_word' id='word_1_96' title='bbox 500 1964 604 2062; x_wconf 81' lang='lat' dir='ltr'>largo</span> <span class='ocrx_word' id='word_1_97' title='bbox 628 1964 761 2037; x_wconf 84' lang='lat' dir='ltr'>vicinia</span> <span class='ocrx_word' id='word_1_98' title='bbox 785 1963 885 2034; x_wconf 88' lang='lat' dir='ltr'>fletu.</span> 
     </span>
     <span class='ocr_line' id='line_1_16' title="bbox 225 2081 1198 2194; baseline 0.002 -41"><span class='ocrx_word' id='word_1_99' title='bbox 225 2086 372 2157; x_wconf 86' lang='lat' dir='ltr'>Interea</span> <span class='ocrx_word' id='word_1_100' title='bbox 397 2111 484 2159; x_wconf 87' lang='lat' dir='ltr'>vero</span> <span class='ocrx_word' id='word_1_101' title='bbox 509 2086 700 2194; x_wconf 87' lang='lat' dir='ltr'>impostor,</span> <span class='ocrx_word' id='word_1_102' title='bbox 728 2108 839 2181; x_wconf 90' lang='lat' dir='ltr'>quem</span> <span class='ocrx_word' id='word_1_103' title='bbox 862 2097 1027 2154; x_wconf 83' lang='lat' dir='ltr'>moverat</span> <span class='ocrx_word' id='word_1_104' title='bbox 1051 2081 1169 2162; x_wconf 81' lang='lat' dir='ltr'>Orcus</span> <span class='ocrx_word' id='word_1_105' title='bbox 1195 2153 1198 2163; x_wconf 20' lang='grc' dir='ltr'><strong>Α</strong></span> 
     </span>
    </p>
   </div>
   <div class='ocr_carea' id='block_1_5' title="bbox 11 2199 1311 2303">
    <p class='ocr_par' dir='ltr' id='par_1_10' title="bbox 11 2199 1311 2303">
     <span class='ocr_line' id='line_1_17' title="bbox 11 2199 1311 2303; baseline -0.001 -31"><span class='ocrx_word' id='word_1_106' title='bbox 11 2268 17 2281; x_wconf 82' lang='grc'><em>,</em></span> <span class='ocrx_word' id='word_1_107' title='bbox 128 2201 324 2276; x_wconf 88' lang='lat' dir='ltr'>Sidereum</span> <span class='ocrx_word' id='word_1_108' title='bbox 348 2204 523 2279; x_wconf 83' lang='lat' dir='ltr'>adversus</span> <span class='ocrx_word' id='word_1_109' title='bbox 547 2209 704 2277; x_wconf 90' lang='lat' dir='ltr'>Puerum</span> <span class='ocrx_word' id='word_1_110' title='bbox 728 2228 794 2303; x_wconf 87' lang='lat' dir='ltr'>spe</span> <span class='ocrx_word' id='word_1_111' title='bbox 817 2203 936 2274; x_wconf 90' lang='lat' dir='ltr'>laetus</span> <span class='ocrx_word' id='word_1_112' title='bbox 962 2199 1075 2290; x_wconf 88' lang='lat' dir='ltr'>inani,</span> <span class='ocrx_word' id='word_1_113' title='bbox 1240 2210 1311 2288; x_wconf 72' lang='lat'>360</span> 
     </span>
    </p>
   </div>
   <div class='ocr_carea' id='block_1_6' title="bbox 127 2321 1026 2425">
    <p class='ocr_par' dir='ltr' id='par_1_11' title="bbox 127 2321 1026 2425">
     <span class='ocr_line' id='line_1_18' title="bbox 127 2321 1026 2425; baseline -0.002 -31"><span class='ocrx_word' id='word_1_114' title='bbox 127 2324 245 2395; x_wconf 88' lang='lat' dir='ltr'>Hoste</span> <span class='ocrx_word' id='word_1_115' title='bbox 270 2325 369 2399; x_wconf 83' lang='lat' dir='ltr'>velut</span> <span class='ocrx_word' id='word_1_116' title='bbox 395 2326 504 2425; x_wconf 88' lang='lat' dir='ltr'>pulso</span> <span class='ocrx_word' id='word_1_117' title='bbox 527 2325 622 2397; x_wconf 89' lang='lat' dir='ltr'>liber</span> <span class='ocrx_word' id='word_1_118' title='bbox 648 2348 854 2422; x_wconf 89' lang='lat' dir='ltr'>campoque</span> <span class='ocrx_word' id='word_1_119' title='bbox 875 2321 1026 2422; x_wconf 88' lang='lat' dir='ltr'>potitus,</span> 
     </span>
    </p>
   </div>
   <div class='ocr_carea' id='block_1_7' title="bbox 127 2440 1091 2666">
    <p class='ocr_par' dir='ltr' id='par_1_12' title="bbox 127 2440 1091 2666">
     <span class='ocr_line' id='line_1_19' title="bbox 127 2440 1091 2554; baseline -0.005 -39"><span class='ocrx_word' id='word_1_120' title='bbox 127 2443 331 2542; x_wconf 88' lang='lat' dir='ltr'>Antiquam</span> <span class='ocrx_word' id='word_1_121' title='bbox 355 2445 395 2516; x_wconf 88' lang='lat' dir='ltr'>in</span> <span class='ocrx_word' id='word_1_122' title='bbox 418 2444 546 2518; x_wconf 83' lang='lat' dir='ltr'>silvam</span> <span class='ocrx_word' id='word_1_123' title='bbox 570 2443 696 2541; x_wconf 81' lang='lat' dir='ltr'>vulgus</span> <span class='ocrx_word' id='word_1_124' title='bbox 724 2441 925 2554; x_wconf 78' lang='lat' dir='ltr'>deduxerat</span> <span class='ocrx_word' id='word_1_125' title='bbox 948 2440 1091 2536; x_wconf 81' lang='lat' dir='ltr'>ingens,</span> 
     </span>
     <span class='ocr_line' id='line_1_20' title="bbox 128 2561 1054 2666; baseline -0.003 -32"><span class='ocrx_word' id='word_1_126' title='bbox 128 2562 323 2662; x_wconf 85' lang='lat' dir='ltr'>Agricolas</span> <span class='ocrx_word' id='word_1_127' title='bbox 348 2564 567 2648; x_wconf 86' lang='lat' dir='ltr'>Sichemitas</span> <span class='ocrx_word' id='word_1_128' title='bbox 593 2581 703 2666; x_wconf 86' lang='lat' dir='ltr'>atque</span> <span class='ocrx_word' id='word_1_129' title='bbox 728 2561 901 2661; x_wconf 86' lang='lat' dir='ltr'>Amridis,</span> <span class='ocrx_word' id='word_1_130' title='bbox 925 2585 1054 2639; x_wconf 84' lang='lat' dir='ltr'>omues</span> 
     </span>
    </p>
   </div>
   <div class='ocr_carea' id='block_1_8' title="bbox 130 2924 1192 3266">
    <p class='ocr_par' dir='ltr' id='par_1_13' title="bbox 130 2924 1192 3266">
     <span class='ocr_line' id='line_1_21' title="bbox 130 2924 884 2988; baseline -0.013 -4"><span class='ocrx_word' id='word_1_131' title='bbox 130 2930 165 2984; x_wconf 78' lang='lat' dir='ltr'>V.</span> <span class='ocrx_word' id='word_1_132' title='bbox 183 2933 243 2986; x_wconf 75' lang='lat' dir='ltr'>tto.</span> <span class='ocrx_word' id='word_1_133' title='bbox 262 2931 334 2984; x_wconf 76' lang='lat' dir='ltr'>Ettt.</span> <span class='ocrx_word' id='word_1_134' title='bbox 352 2929 451 2979; x_wconf 86' lang='lat' dir='ltr'>venet.</span> <span class='ocrx_word' id='word_1_135' title='bbox 468 2927 544 2978; x_wconf 79' lang='lat' dir='ltr'>nisce</span> <span class='ocrx_word' id='word_1_136' title='bbox 560 2927 686 2978; x_wconf 75' lang='lat' dir='ltr'>versibus</span> <span class='ocrx_word' id='word_1_137' title='bbox 702 2924 884 2988; x_wconf 75' lang='lat' dir='ltr'>locupletata:</span> 
     </span>
     <span class='ocr_line' id='line_1_22' title="bbox 337 3013 1192 3080; baseline -0.012 -8"><span class='ocrx_word' id='word_1_138' title='bbox 337 3022 401 3072; x_wconf 85' lang='lat' dir='ltr'>Jem</span> <span class='ocrx_word' id='word_1_139' title='bbox 418 3020 531 3071; x_wconf 82' lang='lat' dir='ltr'>comites</span> <span class='ocrx_word' id='word_1_140' title='bbox 547 3020 656 3070; x_wconf 82' lang='lat' dir='ltr'>rediere</span> <span class='ocrx_word' id='word_1_141' title='bbox 674 3031 780 3068; x_wconf 87' lang='lat' dir='ltr'>omnes:</span> <span class='ocrx_word' id='word_1_142' title='bbox 798 3031 862 3080; x_wconf 90' lang='lat' dir='ltr'>spes</span> <span class='ocrx_word' id='word_1_143' title='bbox 879 3013 974 3067; x_wconf 80' lang='lat' dir='ltr'>ulttna</span> <span class='ocrx_word' id='word_1_144' title='bbox 990 3023 1106 3077; x_wconf 75' lang='lat' dir='ltr'>pemque</span> <span class='ocrx_word' id='word_1_145' title='bbox 1189 3039 1192 3044; x_wconf 96' lang='lat'>·</span> 
     </span>
     <span class='ocr_line' id='line_1_23' title="bbox 337 3102 1068 3164; baseline -0.012 -1"><span class='ocrx_word' id='word_1_146' title='bbox 337 3114 415 3164; x_wconf 79' lang='lat' dir='ltr'>Haeo</span> <span class='ocrx_word' id='word_1_147' title='bbox 432 3115 493 3163; x_wconf 85' lang='lat' dir='ltr'>eret</span> <span class='ocrx_word' id='word_1_148' title='bbox 508 3114 557 3161; x_wconf 86' lang='lat' dir='ltr'>hos</span> <span class='ocrx_word' id='word_1_149' title='bbox 573 3112 645 3162; x_wconf 88' lang='lat' dir='ltr'>iuter</span> <span class='ocrx_word' id='word_1_150' title='bbox 662 3112 745 3162; x_wconf 84' lang='lat' dir='ltr'>tacite</span> <span class='ocrx_word' id='word_1_151' title='bbox 763 3110 915 3162; x_wconf 77' lang='lat' dir='ltr'>excessisse</span> <span class='ocrx_word' id='word_1_152' title='bbox 931 3102 1068 3158; x_wconf 78' lang='lat' dir='ltr'>Puellam:</span> 
     </span>
     <span class='ocr_line' id='line_1_24' title="bbox 337 3204 620 3266; baseline -0.004 -12"><span class='ocrx_word' id='word_1_153' title='bbox 337 3205 374 3254; x_wconf 78' lang='lat' dir='ltr'>At</span> <span class='ocrx_word' id='word_1_154' title='bbox 391 3217 453 3266; x_wconf 80' lang='lat' dir='ltr'>spes</span> <span class='ocrx_word' id='word_1_155' title='bbox 470 3215 543 3254; x_wconf 84' lang='lat' dir='ltr'>vena</span> <span class='ocrx_word' id='word_1_156' title='bbox 560 3204 620 3254; x_wconf 80' lang='lat' dir='ltr'>ortt.</span> 
     </span>
    </p>
   </div>
   <div class='ocr_carea' id='block_1_9' title="bbox 130 3317 1197 3843">
    <p class='ocr_par' dir='ltr' id='par_1_14' title="bbox 130 3317 1197 3843">
     <span class='ocr_line' id='line_1_25' title="bbox 130 3317 657 3379; baseline -0.019 -3"><span class='ocrx_word' id='word_1_157' title='bbox 130 3327 165 3379; x_wconf 81' lang='lat' dir='ltr'>V.</span> <span class='ocrx_word' id='word_1_158' title='bbox 185 3325 245 3376; x_wconf 73' lang='lat' dir='ltr'>att.</span> <span class='ocrx_word' id='word_1_159' title='bbox 262 3319 334 3372; x_wconf 81' lang='lat' dir='ltr'>Edit.</span> <span class='ocrx_word' id='word_1_160' title='bbox 352 3317 450 3366; x_wconf 86' lang='lat' dir='ltr'>Venet.</span> <span class='ocrx_word' id='word_1_161' title='bbox 468 3317 543 3366; x_wconf 82' lang='lat' dir='ltr'>hisce</span> <span class='ocrx_word' id='word_1_162' title='bbox 560 3317 657 3368; x_wconf 77' lang='lat' dir='ltr'>auctet</span> 
     </span>
     <span class='ocr_line' id='line_1_26' title="bbox 293 3388 1197 3474; baseline 0 -15"><span class='ocrx_word' id='word_1_163' title='bbox 293 3411 355 3464; x_wconf 76' lang='lat' dir='ltr'>Heu</span> <span class='ocrx_word' id='word_1_164' title='bbox 372 3409 436 3470; x_wconf 84' lang='lat' dir='ltr'>quid</span> <span class='ocrx_word' id='word_1_165' title='bbox 452 3401 555 3474; x_wconf 70' lang='lat' dir='ltr'>agant?</span> <span class='ocrx_word' id='word_1_166' title='bbox 580 3421 633 3472; x_wconf 92' lang='lat' dir='ltr'>quo</span> <span class='ocrx_word' id='word_1_167' title='bbox 650 3421 681 3458; x_wconf 86' lang='lat' dir='ltr'>se</span> <span class='ocrx_word' id='word_1_168' title='bbox 697 3399 828 3460; x_wconf 71' lang='lat' dir='ltr'>vertent?</span> <span class='ocrx_word' id='word_1_169' title='bbox 844 3388 960 3474; x_wconf 80' lang='lat' dir='ltr'>nanque</span> <span class='ocrx_word' id='word_1_170' title='bbox 975 3409 1093 3474; x_wconf 75' lang='lat' dir='ltr'>uncique</span> <span class='ocrx_word' id='word_1_171' title='bbox 1109 3407 1197 3470; x_wconf 77' lang='lat' dir='ltr'>stellis</span> 
     </span>
     <span class='ocr_line' id='line_1_27' title="bbox 294 3500 995 3568; baseline -0.003 -14"><span class='ocrx_word' id='word_1_172' title='bbox 294 3507 426 3563; x_wconf 77' lang='lat' dir='ltr'>Tempore</span> <span class='ocrx_word' id='word_1_173' title='bbox 440 3500 499 3566; x_wconf 83' lang='lat' dir='ltr'>jam</span> <span class='ocrx_word' id='word_1_174' title='bbox 516 3501 598 3564; x_wconf 85' lang='lat' dir='ltr'>longo</span> <span class='ocrx_word' id='word_1_175' title='bbox 616 3501 686 3551; x_wconf 81' lang='lat' dir='ltr'>coeli</span> <span class='ocrx_word' id='word_1_176' title='bbox 704 3512 827 3550; x_wconf 83' lang='lat' dir='ltr'>convexa</span> <span class='ocrx_word' id='word_1_177' title='bbox 843 3501 979 3568; x_wconf 79' lang='lat' dir='ltr'>refulgent</span> <span class='ocrx_word' id='word_1_178' title='bbox 984 3515 995 3566; x_wconf 75' lang='lat'><em>3</em></span> 
     </span>
     <span class='ocr_line' id='line_1_28' title="bbox 294 3593 954 3658; baseline -0.003 -13"><span class='ocrx_word' id='word_1_179' title='bbox 294 3594 353 3645; x_wconf 87' lang='lat' dir='ltr'>Nec</span> <span class='ocrx_word' id='word_1_180' title='bbox 370 3594 414 3646; x_wconf 81' lang='lat' dir='ltr'>fas</span> <span class='ocrx_word' id='word_1_181' title='bbox 432 3597 590 3643; x_wconf 85' lang='lat' dir='ltr'>nocturnum</span> <span class='ocrx_word' id='word_1_182' title='bbox 607 3605 658 3654; x_wconf 89' lang='lat' dir='ltr'>per</span> <span class='ocrx_word' id='word_1_183' title='bbox 674 3593 728 3642; x_wconf 90' lang='lat' dir='ltr'>iter</span> <span class='ocrx_word' id='word_1_184' title='bbox 745 3594 863 3658; x_wconf 80' lang='lat' dir='ltr'>vestigia</span> <span class='ocrx_word' id='word_1_185' title='bbox 880 3597 954 3644; x_wconf 85' lang='lat' dir='ltr'>retro</span> 
     </span>
     <span class='ocr_line' id='line_1_29' title="bbox 295 3685 1016 3747; baseline 0.007 -10"><span class='ocrx_word' id='word_1_186' title='bbox 295 3689 381 3738; x_wconf 74' lang='lat' dir='ltr'>Ferre</span> <span class='ocrx_word' id='word_1_187' title='bbox 399 3686 595 3745; x_wconf 85' lang='lat' dir='ltr'>perobscuros</span> <span class='ocrx_word' id='word_1_188' title='bbox 613 3685 697 3734; x_wconf 85' lang='lat' dir='ltr'>ealles</span> <span class='ocrx_word' id='word_1_189' title='bbox 715 3697 816 3747; x_wconf 84' lang='lat' dir='ltr'>perque</span> <span class='ocrx_word' id='word_1_190' title='bbox 834 3687 899 3738; x_wconf 84' lang='lat' dir='ltr'>avie</span> <span class='ocrx_word' id='word_1_191' title='bbox 917 3701 1016 3742; x_wconf 83' lang='lat' dir='ltr'>coece:</span> 
     </span>
     <span class='ocr_line' id='line_1_30' title="bbox 296 3777 1047 3843; baseline 0.001 -13"><span class='ocrx_word' id='word_1_192' title='bbox 296 3780 340 3830; x_wconf 83' lang='lat' dir='ltr'>Ire</span> <span class='ocrx_word' id='word_1_193' title='bbox 358 3779 452 3830; x_wconf 84' lang='lat' dir='ltr'>vetant</span> <span class='ocrx_word' id='word_1_194' title='bbox 467 3777 588 3838; x_wconf 79' lang='lat' dir='ltr'>trepidae</span> <span class='ocrx_word' id='word_1_195' title='bbox 604 3780 721 3843; x_wconf 87' lang='lat' dir='ltr'>matres,</span> <span class='ocrx_word' id='word_1_196' title='bbox 739 3782 886 3842; x_wconf 84' lang='lat' dir='ltr'>arcentque</span> <span class='ocrx_word' id='word_1_197' title='bbox 902 3781 1047 3831; x_wconf 76' lang='lat' dir='ltr'>volentem.</span> 
     </span>
    </p>
   </div>
   <div class='ocr_carea' id='block_1_10' title="bbox 131 3889 1312 4154">
    <p class='ocr_par' dir='ltr' id='par_1_15' title="bbox 131 3889 1312 4154">
     <span class='ocr_line' id='line_1_31' title="bbox 131 3889 1312 3975; baseline 0.008 -21"><span class='ocrx_word' id='word_1_198' title='bbox 131 3904 167 3956; x_wconf 86' lang='lat' dir='ltr'>V.</span> <span class='ocrx_word' id='word_1_199' title='bbox 187 3907 247 3955; x_wconf 78' lang='lat' dir='ltr'>tes.</span> <span class='ocrx_word' id='word_1_200' title='bbox 265 3903 403 3956; x_wconf 78' lang='lat' dir='ltr'>Sionem</span> <span class='ocrx_word' id='word_1_201' title='bbox 429 3890 555 3975; x_wconf 79' lang='lat' dir='ltr'>(sicher,</span> <span class='ocrx_word' id='word_1_202' title='bbox 582 3889 710 3970; x_wconf 86' lang='grc' dir='ltr'>Σίκιμα)</span> <span class='ocrx_word' id='word_1_203' title='bbox 735 3903 860 3966; x_wconf 82' lang='lat' dir='ltr'>oppidum</span> <span class='ocrx_word' id='word_1_204' title='bbox 887 3905 916 3956; x_wconf 85' lang='lat' dir='ltr'>in</span> <span class='ocrx_word' id='word_1_205' title='bbox 942 3908 1054 3973; x_wconf 82' lang='lat' dir='ltr'>regione</span> <span class='ocrx_word' id='word_1_206' title='bbox 1080 3909 1312 3964; x_wconf 79' lang='lat' dir='ltr'>samaritanorum</span> 
     </span>
     <span class='ocr_line' id='line_1_32' title="bbox 270 3997 1310 4068; baseline 0.013 -24"><span class='ocrx_word' id='word_1_207' title='bbox 270 4001 391 4056; x_wconf 84' lang='lat' dir='ltr'>tempore</span> <span class='ocrx_word' id='word_1_208' title='bbox 414 3997 513 4048; x_wconf 81' lang='lat' dir='ltr'>christi</span> <span class='ocrx_word' id='word_1_209' title='bbox 537 4002 619 4060; x_wconf 82' lang='lat' dir='ltr'>eaput</span> <span class='ocrx_word' id='word_1_210' title='bbox 639 3997 780 4047; x_wconf 82' lang='lat' dir='ltr'>Samariae</span> <span class='ocrx_word' id='word_1_211' title='bbox 806 4001 874 4054; x_wconf 86' lang='lat' dir='ltr'>erat.</span> <span class='ocrx_word' id='word_1_212' title='bbox 909 3998 988 4048; x_wconf 84' lang='lat' dir='ltr'>Joen.</span> <span class='ocrx_word' id='word_1_213' title='bbox 1006 4002 1034 4066; x_wconf 81' lang='lat'>4,</span> <span class='ocrx_word' id='word_1_214' title='bbox 1053 4006 1069 4051; x_wconf 76' lang='lat'>5</span> <span class='ocrx_word' id='word_1_215' title='bbox 1087 4016 1162 4067; x_wconf 88' lang='lat' dir='ltr'>seqq.</span> <span class='ocrx_word' id='word_1_216' title='bbox 1198 4005 1310 4068; x_wconf 80' lang='lat' dir='ltr'>Joseptr.</span> 
     </span>
     <span class='ocr_line' id='line_1_33' title="bbox 271 4090 529 4154; baseline -0.012 -14"><span class='ocrx_word' id='word_1_217' title='bbox 271 4091 378 4152; x_wconf 80' lang='lat' dir='ltr'>Antiqq.</span> <span class='ocrx_word' id='word_1_218' title='bbox 398 4090 441 4154; x_wconf 86' lang='lat'>11,</span> <span class='ocrx_word' id='word_1_219' title='bbox 461 4091 487 4142; x_wconf 84' lang='grc' dir='ltr'>Θ.</span> <span class='ocrx_word' id='word_1_220' title='bbox 502 4091 529 4141; x_wconf 83' lang='grc'>6.</span> 
     </span>
    </p>
   </div>
   <div class='ocr_carea' id='block_1_11' title="bbox 270 4201 1309 4360">
    <p class='ocr_par' dir='ltr' id='par_1_16' title="bbox 270 4201 1309 4360">
     <span class='ocr_line' id='line_1_34' title="bbox 305 4201 1309 4276; baseline 0.012 -24"><span class='ocrx_word' id='word_1_221' title='bbox 305 4201 459 4252; x_wconf 69' lang='lat' dir='ltr'>aurinis</span> <span class='ocrx_word' id='word_1_222' title='bbox 481 4202 501 4250; x_wconf 82' lang='grc' dir='ltr'>ἰ.</span> <span class='ocrx_word' id='word_1_223' title='bbox 521 4213 545 4250; x_wconf 86' lang='lat' dir='ltr'>e.</span> <span class='ocrx_word' id='word_1_224' title='bbox 571 4202 646 4251; x_wconf 79' lang='lat' dir='ltr'>urbis</span> <span class='ocrx_word' id='word_1_225' title='bbox 664 4202 803 4252; x_wconf 73' lang='lat' dir='ltr'>lamense</span> <span class='ocrx_word' id='word_1_226' title='bbox 825 4203 860 4253; x_wconf 84' lang='lat' dir='ltr'>ab</span> <span class='ocrx_word' id='word_1_227' title='bbox 878 4203 954 4256; x_wconf 77' lang='lat' dir='ltr'>Amri</span> <span class='ocrx_word' id='word_1_228' title='bbox 969 4205 1081 4265; x_wconf 81' lang='lat' dir='ltr'>(omri)</span> <span class='ocrx_word' id='word_1_229' title='bbox 1104 4221 1171 4276; x_wconf 77' lang='lat' dir='ltr'>rege</span> <span class='ocrx_word' id='word_1_230' title='bbox 1195 4211 1309 4264; x_wconf 74' lang='lat' dir='ltr'>Israelis</span> 
     </span>
     <span class='ocr_line' id='line_1_35' title="bbox 270 4293 784 4360; baseline 0.004 -18"><span class='ocrx_word' id='word_1_231' title='bbox 270 4295 403 4344; x_wconf 80' lang='lat' dir='ltr'>conditae.</span> <span class='ocrx_word' id='word_1_232' title='bbox 439 4293 476 4342; x_wconf 90' lang='lat'>111</span> <span class='ocrx_word' id='word_1_233' title='bbox 492 4294 578 4360; x_wconf 79' lang='lat' dir='ltr'>Begg.</span> <span class='ocrx_word' id='word_1_234' title='bbox 598 4296 641 4360; x_wconf 84' lang='lat'>16,</span> <span class='ocrx_word' id='word_1_235' title='bbox 660 4295 694 4346; x_wconf 74' lang='lat'>29</span> <span class='ocrx_word' id='word_1_236' title='bbox 710 4308 784 4356; x_wconf 85' lang='lat' dir='ltr'>seqq.</span> 
     </span>
    </p>
   </div>
   <div class='ocr_carea' id='block_1_12' title="bbox 0 0 1494 4908">
    <p class='ocr_par' dir='ltr' id='par_1_17' title="bbox 0 0 1494 4908">
     <span class='ocr_line' id='line_1_36' title="bbox 0 0 1494 4908; baseline 0 0"><span class='ocrx_word' id='word_1_237' title='bbox 0 0 1494 4908; x_wconf 95' lang='lat' dir='ltr'> </span> 
     </span>
    </p>
   </div>
  </div>
 </body>
</html>
