2990 4906
175 295 285 370 xiv

176 525 404 596 gratulationibus
420 510 550 578 venerari
566 527 597 574 ut
613 525 708 576 Deunn
744 525 824 576 liaeo
838 525 916 578 libris
933 541 1033 580 novam
1051 533 1190 601 exposita,
1218 548 1290 599 opus
1312 551 1399 588 vero

176 632 333 684 nniversrnn
349 640 449 692 poema
464 629 637 696 inscribitur,
655 641 710 680 non
727 641 760 681 eo
778 632 809 680 nt
822 629 900 695 leges
917 633 989 695 epici
1009 637 1147 700 centetum
1164 639 1213 688 sed
1231 639 1394 690 comico-

176 734 317 786 beroicum
333 737 431 784 auctor
447 732 537 798 magis
553 733 693 783 statuebat
718 745 781 783 essa
808 733 1007 796 appellandum.
1043 736 1168 802 Namque
1185 743 1228 790 ast
1245 741 1397 792 consulto

177 837 357 900 compositum
374 837 410 887 ad
427 831 489 900 ejus
506 834 625 888 indolem
642 835 751 901 gentis,
782 847 852 899 quaa
881 837 1001 889 Galliam
1027 841 1237 902 transpadanam
1264 825 1394 911 incolit,

176 943 367 1016 vocanturque
384 939 522 989 Insubres·
558 939 654 1002 ltaque
676 937 705 988 in
730 939 855 989 omnibus
871 939 969 990 mnan
991 940 1079 992 refert
1097 945 1232 1006 quandam
1248 946 1393 998 facilita-

175 1047 233 1112 tem
248 1046 380 1107 naturae,
406 1043 435 1090 et
456 1040 524 1093 nihil
546 1053 600 1092 non
623 1043 665 1091 est
682 1040 773 1090 eidem
790 1043 972 1094 consentiens.
1009 1045 1096 1104 Quam
1123 1047 1159 1098 ob
1184 1061 1244 1100 rem
1273 1051 1315 1100 ad
1335 1063 1393 1100 eos

177 1158 233 1199 non
249 1148 374 1211 spectat,
405 1145 503 1207 qnibns
526 1145 608 1207 paulo
627 1147 670 1194 est
696 1144 823 1194 severior
848 1150 957 1196 natura.
994 1148 1031 1197 At
1048 1147 1076 1197 in
1093 1161 1126 1201 eo
1144 1162 1268 1217 genere,
1307 1154 1390 1214 quod

176 1249 278 1302 (leva
295 1247 451 1315 proposuit,
469 1247 537 1298 nihil
554 1247 664 1298 videtur
681 1260 769 1312 aeque
787 1260 868 1311 posse
887 1247 979 1312 edici;
1011 1261 1074 1299 narn
1098 1252 1223 1318 copiam,
1250 1254 1390 1304 varieta-

176 1355 248 1419 tem,
267 1353 389 1402 ordinem
407 1353 490 1403 babet
507 1352 712 1415 admirabilem
736 1356 794 1402 tum
811 1356 856 1402 est
871 1356 972 1403 natura
989 1353 1024 1404 iis
1042 1353 1179 1422 coloribus
1198 1357 1307 1424 oblita,
1336 1358 1390 1422 qni

174 1444 293 1507 maxime
310 1454 506 1517 poprdarlsunt
523 1456 675 1508 assemioni
692 1457 948 1520 accommodati‚,et
962 1460 1080 1507 mentem
1098 1463 1211 1519 possunt
1225 1471 1366 1512 recreare
1375 1474 1386 1523 5

174 1569 276 1607 vorsus
293 1569 362 1606 varo
386 1559 443 1606 tam
466 1557 618 1624 flexibiles,
652 1561 684 1606 ut
707 1556 774 1606 nulli
799 1557 946 1606 rideantur
971 1571 1033 1608 esse
1060 1562 1149 1624 magis
1181 1563 1210 1612 in
1235 1566 1385 1626 potestate
1416 1602 1418 1606 .

174 1671 266 1722 posse.
284 1653 319 1717 a)

248 1761 313 1815 Pari
330 1762 410 1812 modo
429 1761 553 1813 Silvas
572 1761 705 1830 coniecit,
734 1765 841 1826 haeque
867 1766 993 1814 constant
1017 1764 1162 1826 plurimun
1190 1767 1294 1818 fabulis
1312 1781 1381 1830 per-

177 1866 295 1932 sonetis,
314 1865 411 1928 quibus
428 1866 495 1918 nibil
511 1869 603 1929 potest
620 1878 682 1916 csse
701 1866 807 1917 dulcius
824 1867 876 1933 iis,
894 1867 940 1928 qui
956 1868 1083 1928 poeticae
1099 1881 1154 1923 non
1165 1874 1229 1922 sunt
1246 1873 1380 1932 expertes

176 1968 332 2023 suavitatis.
368 1971 411 2020 Ad
441 1972 511 2021 baec
535 1970 809 2034 philosophiam
841 1971 970 2019 versibus
996 1973 1138 2043 exposuit,
1165 1986 1235 2038 quae
1262 1978 1295 2022 nt
1320 1974 1379 2024 illis

175 2052 343 2136 temporibus
369 2076 472 2126 tradita
497 2075 589 2140 magni
615 2077 658 2124 est
684 2073 821 2125 facienda·
839 2069 893 2134 aa)
928 2074 1063 2138 Pleraque
1092 2079 1164 2128 enim
1189 2083 1321 2129 versatur
1346 2079 1378 2128 in

176 2179 299 2242 physicis
307 2213 325 2252 ,b
344 2182 372 2230 et
389 2180 503 2230 multum
527 2180 629 2229 hahent
661 2179 752 2229 locum
779 2175 981 2229 mathematica.
1019 2179 1074 2228 Sed
1098 2179 1127 2228 in
1152 2183 1297 2232 scribendo
1321 2183 1377 2233 fuit

177 2283 308 2335 celeritas
325 2283 413 2346 mira;
445 2297 495 2334 sex
514 2284 586 2333 enirn
608 2283 672 2332 libri
697 2281 835 2330 mensibus
858 2283 921 2328 sunt
939 2281 1053 2332 totidem
1072 2284 1211 2345 explicati.
1248 2286 1375 2336 Breviter

176 2387 269 2436 omnia
285 2386 492 2444 otperspicue:
511 2385 583 2432 inest
602 2385 685 2432 etiam
702 2384 786 2430 rebus
804 2384 889 2432 comis
909 2383 1163 2454 pulsanensem,
1182 2390 1372 2439 excursiones-

178 2499 231 2551 que
260 2489 323 2536 sunt
345 2486 568 2535 accommodatae
600 2485 636 2534 ad
659 2482 851 2532 oblectandum
877 2483 1006 2532 animum.
1043 2487 1170 2550 Magnam
1190 2491 1258 2540 baec
1276 2493 1372 2554 oppido

179 2590 442 2640 commendationem
465 2589 632 2652 habuerunt,
661 2586 741 2647 eique
768 2585 811 2634 rei
837 2585 937 2635 indicio
956 2592 1015 2654 est,
1052 2591 1123 2652 quod
1155 2589 1256 2652 pluries
1281 2596 1371 2644 statim

179 2697 243 2754 spnt
252 2694 329 2759 editi,
348 2697 430 2754 atquo
442 2691 476 2740 ab
491 2688 626 2755 elegantis
639 2688 742 2752 ingenii
752 2688 813 2737 viro
826 2687 929 2738 italicis
942 2690 1039 2740 deinde
1048 2694 1174 2743 versibus
1183 2696 1290 2744 redditi.
1299 2691 1370 2754 aaa)
1431 2703 1435 2710 ·

178 2797 221 2849 Ea
238 2799 350 2859 propter
368 2796 452 2844 etiam
469 2796 591 2843 Arcas
614 2793 657 2841 est
675 2792 763 2840 dictus
788 2801 888 2854 magna
905 2793 1118 2846 Mediolanensls
1136 2798 1293 2847 academiae
1308 2810 1369 2862 gra-

180 2901 325 2952 tutatione.
361 2899 439 2949 ilaec
457 2896 622 2948 carminibus
640 2896 674 2947 ab
695 2907 728 2944 eo
746 2896 867 2944 tractata
884 2901 961 2963 sunt,
982 2897 1010 2946 in
1028 2899 1124 2960 quibus
1141 2899 1208 2949 nihil
1227 2905 1269 2950 est
1285 2900 1366 2950 termo

180 3005 377 3071 praeteritum,
396 3003 469 3068 quod
488 3001 631 3066 quisquam
648 3003 696 3050 aut
712 3002 811 3064 poetae
830 2999 993 3067 convenire,
1012 3003 1061 3050 aut
1078 3002 1113 3052 ad
1130 3003 1227 3064 poesin
1237 3003 1366 3064 pertinere

180 3110 371 3160 arbitraretur.
672 3100 674 3104 ’

251 3213 306 3262 sad
323 3222 403 3274 qnam
421 3208 569 3274 diligenter
585 3212 671 3260 totam
692 3204 753 3274 ejus
770 3207 906 3258 rationem
924 3206 1063 3271 cognitam
1081 3211 1110 3258 et
1126 3211 1258 3270 percepta
1272 3209 1365 3258 babue-

180 3313 218 3367 rit
241 3317 406 3380 praecepta,
441 3313 595 3364 declaravit
617 3315 706 3378 libro,
739 3323 792 3374 qno
817 3310 973 3373 posteritati
997 3311 1116 3373 prodidit
1137 3312 1293 3362 memoriam
1308 3313 1363 3360 be-

181 3418 287 3469 menii
304 3417 380 3467 vitae
394 3419 503 3482 poetae,
523 3419 553 3465 ut
565 3416 613 3468 illa
626 3418 729 3481 aetate,
749 3414 903 3464 clarissimi·
917 3408 1010 3472 iffi)
1046 3413 1116 3465 Nam
1129 3391 1285 3477 quibusdam
1296 3416 1363 3478 capi·

181 3521 254 3572 tibus
272 3520 416 3583 explicatis
434 3521 577 3588 exposuit,
607 3531 678 3584 quae
703 3517 821 3568 maxime
847 3518 883 3566 ad
908 3519 1004 3580 poesin
1028 3522 1158 3580 putantur
1180 3519 1316 3580 spectem
1337 3522 1362 3570 et

182 3781 216 3846 θ)
233 3787 291 3838 Der
306 3786 396 3838 Jesnit
415 3781 512 3835 (leva
538 3793 601 3834 war
627 3783 671 3834 ein
695 3785 763 3836 eben
789 3796 821 3836 so
845 3797 957 3850 grosser
980 3779 1201 3844 Mathematikem
1229 3784 1269 3834 ais
1290 3784 1358 3850 Post,

235 3859 290 3907 und
306 3861 418 3907 wahren·
434 3857 519 3921 Poet,
554 3855 629 3904 nicht
656 3856 716 3906 blos
739 3857 936 3919 versificator,
970 3857 1027 3904 wic
1050 3855 1109 3904 sein
1126 3855 1296 3906 lateinisches
1312 3857 1359 3906 iia-

235 3929 309 3976 dicht
328 3929 422 3976 Puer
437 3926 545 3975 lesus
562 3925 590 3973 in
608 3937 680 3975 naun
697 3926 820 3975 Biicbern
838 3926 964 3975 bewelst.
1001 3925 1173 3990 Lessing.

183 3992 383 4056 *thailvae
408 3999 436 4045 et
460 3995 702 4056 Philosophia
732 4009 848 4046 novo·
834 3997 1008 4057 -antiqua
1041 3996 1090 4045 dli.
1111 3995 1354 4049 CevaaVenotiis

237 4067 443 4116 moccxxxii
473 4066 551 4128 tppis
565 4066 663 4114 iterum
683 4079 800 4116 exclusae
818 4070 887 4115 sunt.

185 4131 258 4197 sesa)
285 4135 528 4197 Philosophia
554 4149 673 4187 novo·
684 4138 833 4198 antiqua
859 4137 903 4186 dal
927 4147 1010 4185 verso
1027 4135 1114 4187 latino
1133 4135 1148 4188 d
1166 4134 1356 4188 statainversi

238 4207 329 4258 sciolti
365 4207 553 4270 volgarizzata
583 4208 618 4256 da
640 4205 750 4269 Dionigi
777 4208 887 4256 Andrea
913 4207 1140 4258 sancassani
1172 4205 1304 4269 Magali
1325 4206 1354 4252 da

239 4277 609 4329 Comacchio.ven.1730.
645 4277 1004 4344 Dizionariostorico‚
1034 4279 1171 4338 portatile.
1208 4275 1355 4340 Daliignor

241 4352 328 4400 Abate
346 4349 549 4398 Iradvocat.
587 4348 806 4408 'transportato'
799 4359 827 4396 m
845 4347 971 4397 ltaliano.
1008 4350 1139 4398 Bassano.
1159 4349 1238 4400 1790

187 4416 281 4479 anas)
298 4419 430 4472 Memorio
448 4405 492 4466 de'l
510 4417 625 4482 signore
644 4416 730 4468 conte
748 4419 953 4469 Francesco
971 4419 1133 4470 hemena.
