2990 4906
193 492 218 542 is
241 505 275 542 ex
298 491 422 540 omnibus
440 492 483 538 cst
500 498 536 538 ea
552 486 614 550 lege
632 485 771 550 delectus,
798 486 829 532 ut
844 494 933 546 neque
950 493 984 534 eo
1000 481 1093 539 secius
1109 481 1208 532 studiis
1225 481 1392 546 obsequere-

195 601 240 645 tur
255 595 322 644 auis.

264 734 300 781 at
317 727 378 794 ejus
394 740 449 780 non
466 725 554 776 minus
570 725 709 790 ingenium
727 723 813 774 eluxit
817 733 828 788 3
852 733 969 788 namque
987 723 1118 774 celeriter
1134 722 1178 772 est
1195 731 1257 772 eam
1274 721 1390 786 adeptus

192 835 403 900 auctoritatem,
434 841 515 893 qnam
541 832 639 892 postea
656 830 692 878 ad
709 831 860 879 extremam
877 838 964 892 rusque
981 831 1151 880 senectutem
1167 825 1290 878 retinuit.
1327 826 1389 878 lloc

194 935 257 1002 ejus
278 938 323 988 rei
340 938 495 1000 specimen,
524 934 596 996 quod
611 933 640 982 in
658 944 720 983 eam
736 933 832 982 urbam
849 941 912 980 cum
927 932 1065 998 venisset,
1093 931 1391 995 requiesceremus

196 1041 444 1104 caravag'gius
460 1038 506 1088 vir
522 1036 707 1088 nobilissimus
724 1045 853 1100 magnam
869 1033 899 1086 in
915 1031 1017 1085 lamam
1034 1035 1202 1099 pervenerat
1218 1035 1392 1086 matbemati-

195 1157 243 1194 ces
260 1144 358 1208 laude,
377 1155 439 1192 eum
457 1141 652 1192 consuetudine
669 1150 721 1190 sue
739 1140 809 1190 adeo
826 1137 881 1189 sibi
897 1138 1035 1207 devinxit,
1058 1142 1090 1188 nt
1105 1150 1185 1190 nemo
1203 1137 1245 1190 iiii
1262 1137 1392 1200 deinceps

195 1249 281 1298 luerit
304 1247 405 1296 carior.
443 1245 595 1298 conciliate
620 1245 663 1292 est
685 1245 778 1292 autem
796 1241 918 1292 amicitia
936 1240 1053 1292 (levae
1067 1237 1222 1306 juventutis
1239 1251 1325 1302 prope
1343 1253 1392 1291 ca·

195 1350 309 1400 lumnia.
337 1349 409 1400 Nam
425 1347 487 1397 viro
505 1355 610 1396 nummo
629 1341 702 1393 etin
718 1341 920 1392 mathematicis
936 1344 1076 1395 tradendis
1092 1345 1303 1406 prudentissimo
1322 1346 1394 1404 (tra-

199 1452 283 1500 debat
295 1461 362 1500 vero
381 1462 416 1500 ea
426 1447 534 1511 publice
551 1447 580 1497 in
597 1444 698 1498 sobolis
708 1443 855 1504 Palatinis)
871 1445 987 1498 bominis
1004 1449 1084 1498 aetas
1096 1448 1147 1499 vix
1160 1443 1336 1513 juventutem
1353 1445 1396 1496 in-

197 1553 287 1618 gressi
309 1553 418 1602 minime
435 1551 523 1615 Lycei
545 1550 679 1617 gravitati
702 1548 850 1598 convenire
874 1549 938 1600 vise
960 1555 1004 1602 est
1030 1553 1091 1619 sic,¹
1116 1555 1148 1602 ut
1165 1547 1227 1617 ejus
1243 1549 1396 1613 pericnlum

195 1654 291 1706 iacere
308 1655 394 1706 vellet
410 1655 588 1730 problemate.
625 1651 726 1704 Atilia
743 1665 803 1704 rem
819 1653 978 1706 universam
996 1655 1166 1718 explanando
1185 1667 1247 1706 cum
1263 1653 1305 1705 ite
1322 1656 1397 1703 esset

192 1759 397 1825 interpretatus,
415 1757 545 1835 utlsimul
561 1757 708 1819 plurimam
724 1760 855 1821 proderet
871 1763 1048 1812 venustatem
1065 1759 1179 1826 ingenii,
1197 1769 1281 1808 unum
1298 1755 1325 1806 ei
1341 1767 1394 1818 par

191 1861 273 1912 misit.
309 1861 377 1912 Erat
399 1861 428 1911 in
446 1861 673 1926 ceravaggio
697 1875 760 1914 cum
776 1873 883 1915 summa
899 1865 1071 1931 humanitas,
1099 1867 1158 1913 tum
1175 1863 1247 1924 mira
1264 1861 1391 1927 comitas,

189 1969 220 2016 ut
236 1977 321 2026 supra
336 1965 516 2044 ninil'posset
533 1965 605 2024 addi.
640 1965 728 2030 igitur
745 1967 880 2016 bominem
897 1967 980 2018 biduo
998 1970 1062 2030 post
1079 1965 1218 2031 convenit,
1238 1967 1266 2016 et
1283 1975 1345 2014 cum
1362 1962 1393 2012 in

189 2063 250 2132 ejus
267 2067 377 2118 laudem
394 2068 481 2118 multa
498 2067 628 2132 dixisset,
657 2068 693 2118 ad
716 2071 867 2118 extremum
884 2071 1051 2120 amicissime
1068 2063 1238 2133 declararit,
1266 2066 1390 2116 voluisse

187 2183 220 2222 sa
238 2167 299 2236 ejus
315 2169 470 2231 periclitari
485 2159 634 2232 ingenium.
670 2169 751 2218 Nunc
768 2171 897 2230 quoniam
913 2173 1029 2220 haberet
1045 2171 1135 2218 virum
1152 2167 1287 2233 gratulari
1304 2167 1391 2229 piuri-

187 2287 272 2339 mum,
289 2276 348 2320 tum
364 2281 433 2319 vero
450 2261 602 2331 p'cstulare,
619 2268 660 2317 uti
677 2267 791 2316 missum
808 2258 965 2350 declararet
979 2268 1123 2331 problema
1139 2269 1211 2318 baud
1229 2281 1316 2332 aeqne
1334 2267 1388 2320 sibi

188 2375 370 2440 perspectum.
406 2371 461 2422 led
478 2371 567 2422 lstiuc
583 2369 665 2436 longe
682 2369 738 2421 alio
756 2371 915 2438 spectabat,
940 2383 1021 2436 quam
1037 2372 1185 2423 videbatur
1200 2371 1295 2438 initio,
1315 2375 1386 2436 quod

187 2476 353 2540 mediarum,
382 2485 449 2536 quos
471 2473 690 2536 proportionales
712 2477 830 2540 vocant,
860 2474 985 2537 quaestio
1010 2475 1112 2526 caliido
1130 2477 1192 2526 erat
1208 2475 1324 2526 consilio
1341 2475 1385 2526 in-

33 2613 39 2622 .
74 2637 78 2648 ¹
183 2579 270 2648 J'ecta.
306 2579 393 2644 igitur
410 2590 491 2640 quam
507 2576 742 2638 impeditissimum
760 2579 835 2644 erat,
854 2575 895 2628 ita
911 2581 942 2628 ut
959 2579 1054 2629 evolvi
1070 2590 1126 2630 non
1141 2582 1245 2641 posset.
1282 2578 1384 2630 Postea

189 2681 433 2746 Gararaggius
456 2680 591 2730 neminem
615 2680 736 2730 amicitia
759 2679 895 2733 antetulit.
931 2682 991 2741 Quo
1008 2679 1114 2732 iactum
1131 2685 1188 2748 est,
1214 2685 1245 2732 nt
1261 2683 1307 2732 vir
1324 2693 1383 2733 om-

185 2787 259 2840 nium
277 2784 403 2846 opinione
421 2795 551 2848 magnus,
570 2779 649 2846 cujus
667 2783 740 2833 omni
756 2783 785 2832 iu
801 2781 914 2845 Eruropa
929 2796 1030 2834 nomen
1047 2787 1109 2834 erat
1125 2785 1244 2838 manime
1261 2785 1380 2851 illustre,

184 2890 247 2942 hnic
265 2899 358 2938 omnes
373 2880 472 2950 juveni
488 2888 606 2937 bonores
623 2887 773 2953 tribueret,
791 2885 877 2940 libros
894 2887 1074 2956 inscriberet,
1101 2891 1129 2940 et
1146 2901 1209 2940 eum
1226 2892 1320 2940 uotum
1337 2888 1382 2938 ia-

185 3005 249 3044 cere
268 2991 392 3041 omnibus
409 2991 541 3042 studeret.

255 3117 286 3166 ln
310 3115 385 3164 bisce
408 3117 537 3164 versatus
560 3117 604 3164 eat
626 3114 724 3163 studiis
747 3125 833 3164 annos
856 3114 973 3176 emplius
996 3117 1179 3182 quadraginta
1201 3122 1230 3170 et
1247 3119 1380 3184 quinqua;

187 3232 240 3285 quo
258 3218 389 3279 temporis
406 3217 494 3277 spatio
512 3215 598 3266 muita
616 3217 715 3282 edidit,
745 3229 815 3280 quae
834 3219 887 3268 etsi
904 3220 1034 3270 brevibus
1051 3223 1115 3272 sunt
1130 3220 1315 3271 voluminibus
1333 3233 1382 3270 ex-

183 3325 303 3388 plicata,
329 3323 359 3370 ut
382 3317 438 3368 alia
462 3315 522 3382 ejus
539 3299 688 3380 pleraque-j
712 3329 775 3368 narn
793 3320 969 3373 exlatimabat
986 3326 1037 3373 boc
1055 3335 1088 3374 eo
1106 3322 1217 3390 valere,
1243 3326 1379 3387 utusque

183 3426 266 3475 multo
291 3425 442 3474 habeantur
466 3435 548 3488 aare,
578 3426 791 3486 occurraturque
820 3423 943 3474 satietati
969 3425 1119 3478 lectorum:
1147 3427 1261 3477 multam
1285 3431 1378 3479 tamen

184 3529 292 3580 laudem
316 3530 416 3589 adepta
437 3529 500 3576 sunt
521 3529 634 3587 propter
655 3538 747 3576 rerum
768 3527 929 3580 novitatem.
966 3532 1055 3593 Atque
1073 3530 1101 3579 in
1119 3529 1160 3580 iris
1178 3533 1222 3580 est
1239 3531 1375 3597 quaestio,

183 3646 253 3696 quae
265 3633 385 3695 inputat
396 3633 430 3680 de
441 3633 472 3681 vi
489 3631 648 3692 corporibus
665 3630 750 3680 indita
767 3642 785 3680 a
802 3635 915 3700 natura,
933 3634 964 3682 nt
981 3631 1108 3684 ferantur
1116 3633 1243 3686 deorsum
1262 3645 1296 3683 aa
1313 3645 1379 3696 per-

180 3741 262 3796 petuo
280 3737 416 3800 nitantur,
446 3709 528 3798 quam
543 3735 711 3800 gravitatem
728 3744 869 3783 vocamus.
906 3736 965 3796 Quo
983 3735 1012 3786 in
1029 3748 1130 3802 genere
1148 3738 1290 3788 constituit
1305 3749 1375 3788 una-

181 3851 306 3902 quaeque
328 3839 447 3889 invicem
470 3836 556 3905 ierrI,
581 3837 706 3899 interque
729 3849 761 3886 se
783 3837 859 3900 rapi:
885 3851 920 3889 ea
941 3841 1035 3890 autem
1058 3851 1203 3901 corporum
1219 3838 1322 3891 virtius
1340 3843 1376 3892 ad

182 3941 306 3993 vicissim
329 3943 540 4009 occurrendum,
566 3940 690 3990 omnibus
712 3940 803 4020 rebus¹
817 3943 853 3992 ad
869 3941 956 3992 librae
973 3943 1050 4008 leges
1069 3941 1194 4004 expensis
1199 3973 1210 4009 ,
1238 3943 1376 3992 contendit

183 4045 311 4110 quiddam
328 4043 445 4097 obtineri
460 4047 554 4109 puncti
564 4046 674 4110 instar,
693 4046 765 4108 quod
782 4057 923 4094 commune
940 4046 1067 4111 gravium
1085 4048 1208 4096 centrum
1224 4045 1372 4108 appeliant.

181 4151 258 4212 onae
276 4147 347 4198 ratio
365 4159 426 4198 cunr
443 4153 555 4211 propter
570 4148 613 4199 rei
630 4148 781 4199 novitatem
797 4147 883 4210 pluris
901 4151 944 4198 est
960 4148 1103 4214 iacienda,
1129 4151 1187 4199 tum
1202 4161 1272 4201 vero
1290 4149 1373 4200 etiam

181 4252 305 4318 plurimi,
332 4252 404 4314 quod
427 4264 461 4304 ea
484 4255 512 4302 et
534 4253 579 4302 diu
596 4263 690 4302 seeum
708 4251 766 4314 ipse
783 4251 875 4302 furerat
893 4251 985 4304 Cera
1002 4251 1163 4319 meditatus,
1189 4256 1218 4302 et
1234 4255 1372 4314 postremo

178 4355 289 4418 scriptis
305 4354 432 4420 tradidit,
456 4357 620 4418 anteaquam
638 4355 673 4404 ad
689 4353 764 4430 illrum
782 4355 879 4406 notitia
895 4358 1067 4421 pervenisset
1084 4353 1146 4421 ejus
1162 4356 1271 4418 operis,
1298 4355 1369 4415 quod
