2960 4908
581 246 822 318 LlB‘ER
870 247 929 319 tx.

72 469 74 478 s
180 439 378 514 Perculsos
403 456 568 518 mentesz
595 441 747 515 comites
774 467 857 515 sese
884 440 1022 515 addere
1048 440 1185 534 furtim,

182 561 310 658 Atque
336 560 452 634 oculis
477 585 623 636 serrare
648 564 749 660 jurat
770 563 924 661 vestigia
947 544 1080 661 lo‘nge5

186 683 271 782 Quo
296 680 471 777 tendant,
499 708 573 781 quo
599 707 640 754 se
666 681 813 754 demum
837 699 941 755 tanta
965 682 1090 754 omina
1113 697 1270 768 vertant,

249 801 251 806 ’
285 805 384 901 Ergo
411 803 592 902 age,·qui
615 801 754 876 reditus
778 803 910 893 fuerit,
937 802 1041 902 queis
1066 826 1245 902 versaque
1272 805 1379 880 miris

183 921 324 994 Ultima
348 947 462 995 scena
485 923 623 1014 modis,
650 942 762 1023 utque
789 923 863 996 alta
889 948 1026 996 arcana
1049 938 1191 995 retecta
1307 933 1378 1014 460

184 1043 441 1141 Ostensusque
467 1046 586 1139 Puer,
612 1043 692 1116 finis
719 1046 951 1145 pretiumque
979 1041 1162 1120 laborum.

285 1165 367 1236 Nox
392 1181 489 1259 erat,
517 1183 554 1238 et
577 1165 700 1237 lunam
727 1167 845 1239 n‘ubes
872 1163 1073 1238 incluserat
1098 1180 1199 1259 atra,
1239 1187 1242 1195 “

183 1283 356 1374 Necdum
377 1284 609 1357 Parthenidis
636 1303 760 1359 custos
785 1288 989 1384 lesseaque
1013 1283 1140 1381 Virgo,

182 1385 436 1504 'Debboraque
463 1421 573 1504 atque
600 1407 701 1504 Agar
725 1406 884 1506 porfuga
910 1422 946 1476 et
972 1403 1143 1476 Susanna
1167 1403 1351 1486 redibant.

184 1525 410 1628 Nazaridum'
436 1526 563 1626 vulgus
587 1529 663 1627 jam
688 1527 807 1598 tristia
831 1527 975 1601 volvere
1001 1551 1128 1597 secum
1170 1597 1175 1611 ,
1306 1535 1377 1614 465

176 1638 372 1744 'Coeperat
397 1648 569 1746 auguria,
596 1665 707 1746 atque
731 1646 814 1719 illas
840 1671 989 1745 quoquo
1007 1669 1084 1744 ‘per
1108 1643 1194 1717 loca
1217 1663 1337 1742 rasta&

182 1766 401 1864 Dispersas3
424 1767 630 1867 pluviisque
656 1786 784 1839 auctos
809 1766 889 1837 sine
907 1766 1083 1867 pontibus
1113 1788 1240 1838 amnes
1321 1750 1325 1756 ⁴

181 1882 446 1983 Abruptasque
470 1888 547 1956 vias
565 1885 675 1954 imbri
699 1903 921 1980 noctemque
948 1884 1143 1976 timebant,

186 2002 400 2101 Augerique
424 2003 542 2100 magis
568 2027 657 2072 cura
681 1999 956 2075 intendentibus
983 2004 1072 2076 atris

185 2120 238 2192 Se
263 2122 370 2194 coelo
394 2122 580 2217 tenebris,
612 2121 818 2219 moestique
844 2138 945 2194 extra
971 2124 1110 2225 oppida
1134 2148 1255 2225 opaco
1306 2133 1379 2214 470

186 2239 268 2312 Sub
294 2241 355 2314 dio
382 2243 561 2342 ancipites
587 2241 745 2314 stabant.
796 2241 870 2314 Ubi
894 2243 1054 2343 plurima
1076 2271 1164 2319 vero

185 2361 295 2432 Irrita
318 2388 391 2433 nox
413 2363 534 2457 ssuxit,
561 2389 632 2438 nec
648 2365 732 2461 ¹jem
756 2386 841 2462 spes
865 2361 941 2434 ulla
965 2363 1126 2456 videndi,

185 2485 235 2552 Et
259 2481 333 2553 late
358 2483 444 2556 loca
469 2483 754 2557 cunctasilentt
781 2481 864 2578 quis
889 2482 1009 2556 tristia
1033 2484 1148 2567 fando

78 2582 82 2592 Χ
184 2603 366 2674 Lamenta
390 2621 427 2676 et
453 2605 625 2704 gemitus,
652 2600 955 2701 desperantumve
982 2604 1164 2702 querelas,

183 2723 382 2823 Explicet?
406 2725 476 2797 Hic
502 2727 627 2814 lesse,
652 2720 713 2792 hic
737 2723 916 2813 Ammon,
941 2723 1002 2796 hic
1028 2723 1130 2796 crine
1156 2721 1276 2796 soluto
1302 2731 1376 2809 475

182 2844 281 2916 Dina
306 2871 456 2943 gemens
483 2862 520 2916 et
543 2844 699 2944 pulchra
722 2843 858 2916 Esther
881 2843 1109 2942 innuptaque
1135 2844 1317 2935 Zambris,

182 2967 233 3035 Et
257 2967 382 3035 senior
398 2965 512 3038 Jonas
535 2963 821 3063 Jerichuntaque
846 2961 1021 3062 Elisaque
1046 2962 1211 3060 plorans

185 3088 323 3156 Luctus
350 3099 449 3173 erat,
474 3082 593 3181 qualis
619 3098 719 3155 tecto
745 3106 828 3152 cum
853 3098 970 3153 mater
996 3099 1033 3154 et
1058 3082 1151 3154 orba

186 3204 334 3302 Sponsa
358 3227 489 3274 recens
512 3202 621 3273 funus
646 3202 815 3303 plorant,
844 3203 1044 3302 sponsique
1071 3175 1228 3277 dederet

183 3322 348 3396 Aedibus
367 3320 527 3394 effertur.
576 3323 662 3394 Non
681 3321 714 3394 si
737 3320 838 3394 ferus
864 3322 979 3394 irruat
1004 3322 1120 3395 hostis
1302 3329 1374 3406 480

185 3445 380 3534 Vastator,
405 3449 529 3516 tantus
555 3467 596 3514 se
621 3441 727 3514 tollat
752 3442 892 3514 clamor
918 3441 968 3514 ad
993 3468 1115 3520 auras·

280 3568 381 3642 Ecce
405 3581 527 3636 autem
551 3563 619 3635 hos
633 3563 741 3634 >inter
766 3553 917 3662 questus
942 3563 1004 3634 fax
1027 3565 1104 3636 visa
1122 3585 1191 3662 per
1207 3559 1375 3632 umbram

185 3681 395 3756 Adventare
419 3682 568 3783 prqcul,
594 3709 704 3783 quam
731 3684 845 3756 multo
872 3684 1007 3756 lumine
1033 3683 1155 3756 clarus

184 3803 346 3875 Pellicea
369 3806 530 3877 hirsutus
553 3828 653 3876 zona·
669 3829 763 3904 puer
788 3805 873 3904 igne
899 3803 1045 3876 ferebat

182 3923 450 3998 Flammantem
474 3924 598 4024 largo:
624 3921 815 4025 faciesque
840 3923 1055 4022 humerique
1071 3923 1249 3996 *nitebant
1301 3929 1371 4008 485

182 4045 333 4118 Eminus
359 4061 469 4145 atque
496 4043 596 4117 sinus
619 4059 730 4147 atque
756 4071 833 4122 ora.
886 4044 936 4116 Ut
959 4044 1195 4144 Phosphorus
1222 4068 1288 4117 axe
1321 4142 1325 4152 Ι

180 4315 546 4386 v.tso.1>tospuorus.
562 4320 610 4388 vl,
626 4323 688 4375 204,
