2986 4910
1279 405 1352 477 X!

153 647 290 713 partibus,
314 645 433 696 maxima
452 644 560 707 quidem
585 641 621 695 ab
644 639 794 693 academiis
812 639 987 692 Germaniae.
1024 637 1079 690 Sed
1096 637 1195 690 italiae
1217 635 1352 690 literatis·

154 751 214 800 simi
241 762 302 799 eum
328 749 543 798 familiarissime
569 747 747 811 adhibebant,
781 747 812 794 ut
836 745 916 796 modo
938 731 1073 808 judicium
1098 737 1158 806 ejus
1184 741 1354 808 acciperent,

153 855 235 904 modo
259 852 362 916 aliquid
385 852 495 901 tandem
518 851 706 915 requirerent,
736 854 764 898 et
780 847 913 898 elicerent
930 861 965 898 ex
982 859 1016 898 eo
1035 845 1176 910 epistolas.
1214 845 1273 904 Quo
1290 843 1353 894 iue-

154 961 220 1008 runt
237 957 265 1005 iu
282 967 395 1006 numero
412 955 604 1020 vivianus,
630 953 839 1019 Begaiinus,
864 949 1060 1016 Baiiianus,
1087 947 1308 1000 sancierius
1326 948 1356 998 et
1439 957 1444 966 ·

153 1060 339 1110 Grandius.
385 1057 420 1106 lli
445 1061 501 1106 tum
527 1019 781 1128 mathematicorum
806 1055 836 1104 in
861 1053 941 1104 ltalia
964 1053 1103 1116 principes
1128 1052 1353 1104 numerabantur.

152 1163 209 1211 Sed
237 1173 297 1210 cum
317 1160 471 1210 Guidone
491 1161 645 1212 Grandio
670 1159 790 1209 maxima
815 1157 842 1205 ei
865 1157 987 1207 amicitia
1011 1157 1065 1206 fuit
1082 1159 1118 1208 ad
1135 1157 1258 1207 ultimam
1275 1157 1355 1207 aeta-

151 1269 227 1326 tem;
258 1268 285 1312 et
309 1263 356 1311 iiie
378 1275 515 1326 nunquam
538 1275 593 1313 non
616 1263 651 1312 ad
669 1275 730 1311 eum
748 1259 912 1309 amicissime
930 1259 1055 1327 scripsit,
1081 1261 1182 1311 autad
1201 1269 1356 1322 quenquam

153 1372 208 1418 buc
232 1367 328 1417 literas
351 1367 441 1433 misit,
468 1367 534 1429 quin
560 1378 621 1414 cum
643 1363 878 1428 indulgentissimo
902 1363 1018 1424 quodam
1035 1375 1118 1414 sensu
1136 1361 1252 1414 (levae
1270 1361 1357 1412 etiam

81 1476 85 1482 ’
155 1471 275 1520 salutem
292 1470 422 1518 mitteret.
442 1469 501 1528 Quo
520 1468 608 1532 magis
625 1467 756 1516 miramur
774 1466 914 1515 auctorem
932 1477 1004 1531 cum,
1024 1465 1070 1529 qui
1086 1465 1180 1518 libello
1197 1467 1358 1518 memoriam

161 1583 256 1622 rerum
274 1569 477 1631 comprehendit
494 1571 527 1619 de
547 1569 691 1620 Grandii
708 1569 768 1619 vita
790 1567 939 1626 (Memorie
956 1563 1131 1629 perservire
1155 1571 1212 1622 alia
1228 1571 1295 1622 Vrta
1311 1569 1359 1620 dei

160 1673 191 1722 P.
210 1673 305 1722 Abate‘
315 1673 349 1722 1).
369 1673 457 1722 Guido
476 1673 589 1722 Grandi.
625 1672 696 1722 Vide
715 1672 902 1735 ephemerides
918 1671 1059 1724 literarias
1076 1682 1103 1723 a.
1123 1675 1201 1727 1⁷4³.
1220 1685 1283 1738 pag.
1303 1674 1358 1740 4.),

155 1775 277 1837 quisquis
300 1775 347 1825 iiie
365 1779 416 1836 est
438 1777 559 1843 demum,
588 1788 652 1827 nam
675 1777 704 1826 in
721 1775 836 1827 Venetis
858 1775 1031 1828 literatorum
1060 1777 1158 1843 lastis,
1186 1775 1212 1828 sl
1234 1775 1357 1843 memini,

153 1879 282 1943 vapulat,
306 1878 426 1941 malique
444 1879 527 1929 animi
544 1879 719 1931 insimulatur
735 1879 855 1942 scriptor
872 1881 1030 1942 anonymus
1036 1893 1046 1942 3
1072 1881 1123 1930 sed
1140 1883 1171 1932 ut
1188 1883 1245 1948 est,
1272 1880 1358 1932 mira·

152 1994 215 2032 mur
239 1981 395 2047 affirmare,
425 1983 613 2034 Grandiunr
638 1983 795 2044 suscepisse
822 1993 885 2034 cum
903 1981 997 2036 Cava
1014 1985 1174 2035 iuimicitias
1201 1987 1284 2048 (quas
1301 1981 1359 2034 ullo

151 2096 206 2136 uon
229 2087 353 2146 tempore
375 2086 482 2135 destitit
506 2098 568 2134 cum
585 2086 749 2137 clarissimis
766 2086 837 2136 viris
854 2098 970 2154 gerere,
995 2089 1022 2138 si
1039 2088 1107 2139 fides
1126 2087 1225 2138 dubiae
1241 2087 1305 2138 fidei
1321 2085 1360 2136 sit

151 2188 307 2238 adhibenda
329 2187 488 2254 scriptori),
521 2189 615 2250 itaque
634 2189 719 2238 etiam
737 2201 800 2238 eum
817 2190 943 2250 graviter
960 2189 1092 2239 multasse
1110 2189 1275 2254 pervulgato
1295 2201 1359 2239 car-

152 2291 235 2340 miuet
272 2291 308 2340 At
326 2291 490 2354 Grandii,
510 2301 546 2338 au
563 2303 645 2338 secus
662 2289 766 2336 fuerint
782 2300 893 2351 versus,
912 2301 966 2336 nou
983 2285 1064 2350 hujus
1082 2293 1125 2340 est
1140 2291 1197 2340 loci
1214 2302 1358 2351 quaerere.

38 2376 59 2413 '¹
153 2392 237 2444 Certe
255 2391 363 2452 quidem
380 2391 429 2440 ilie
447 2390 539 2438 missis
556 2389 592 2438 ad
610 2385 738 2437 (levam
753 2385 860 2451 literis,
888 2387 924 2436 ab
941 2401 973 2438 se
991 2389 1155 2472 calumniam
1172 2391 1295 2452 pluribus
1313 2397 1356 2445 est

152 2497 332 2558 deprecatus,
360 2493 528 2558 negavitque
553 2485 614 2556 ejus
632 2489 753 2540 amicitia
771 2487 916 2552 quidquam
933 2491 986 2542 sibi
1003 2493 1094 2556 potius
1112 2506 1182 2544 esse.
1219 2491 1301 2548 Nunc
1319 2497 1356 2548 ad

130 2638 131 2641 ι
153 2599 308 2659 incoeptum
327 2598 420 2648 redeo.

222 2733 378 2798 insubriae,
396 2734 427 2781 ut
443 2735 501 2781 tum
519 2732 598 2780 eraut
615 2741 661 2779 res
667 2763 678 2796 ,
696 2729 782 2780 iatum
800 2729 916 2794 gerebat
932 2729 1076 2793 imperium
1092 2746 1143 2795 pro
1160 2735 1354 2797 Hispaniarum

10 2856 15 2873 ι
40 2847 61 2862 ”
152 2847 220 2900 rege
244 2837 397 2886 Didacns
421 2833 611 2894 Pirelippez
638 2834 678 2882 de
697 2827 986 2884 &unmanMarcirio
1014 2837 1047 2885 de
1065 2837 1245 2906 Leganes,
1265 2835 1355 2905 icujus

153 2941 294 2990 doctrinae
307 2939 406 2990 notitia
419 2938 573 2987 continetur
583 2935 732 2999 volumine,
752 2935 823 2999 quod
840 2938 881 2984 est
894 2939 927 2988 ab
942 2939 990 2990 iilo
1004 2943 1187 3004 conscriptum
1198 2943 1355 3006 hispaniam

154 3045 249 3106 estque
276 3043 371 3092 titulus
396 3042 429 3090 de
452 3039 574 3089 Palladis
599 3039 703 3089 schola.
720 3034 754 3096 *l
798 3039 850 3087 iiic
877 3042 1004 3102 quoniam
1032 3045 1251 3094 mathematicas*
1265 3045 1356 3097 studio

153 3144 296 3206 plurimum
315 3143 497 3204 efferebatur,
529 3141 657 3204 quamdiu
675 3141 823 3190 Mediolani
842 3140 912 3207 fuit,
933 3140 1063 3195 Geram
1081 3147 1230 3210 praecipue
1248 3147 1356 3217 dilexit,

155 3249 186 3294 nt
205 3259 284 3312 nemo
303 3247 330 3296 ei
348 3245 439 3297 carior
456 3243 540 3292 tuerit
559 3245 607 3292 aut
626 3242 798 3292 familiarior.
834 3245 946 3296 Amavit
968 3251 1060 3298 autem
1084 3263 1146 3300 cum
1164 3253 1276 3312 propter
1298 3253 1357 3300 stu·

127 3373 131 3380 ·
158 3349 264 3398 diorum
283 3347 514 3412 communionem,
541 3347 599 3394 tum
625 3349 721 3407 captus
744 3345 860 3396 bominis
883 3343 998 3416 natura,
1028 3351 1058 3401 in
1081 3364 1134 3415 quo
1157 3353 1269 3419 virtutis
1286 3353 1357 3405 mira

156 3451 262 3502 indoles
283 3452 419 3502 elucebat.
455 3449 487 3499 ln
504 3460 538 3499 ec
562 3441 634 3498 eninr
656 3449 823 3500 suavitatem
852 3455 959 3504 constat
976 3466 1110 3506 summanr
1126 3455 1225 3522 fuisse,
1244 3455 1355 3508 lenissi-

155 3567 215 3605 mos
239 3568 341 3622 mores,
365 3555 485 3622 gratiam
509 3552 661 3602 mirificam.
696 3553 767 3612 Erat
790 3555 915 3618 gravitas
939 3561 967 3608 et
999 3570 1061 3608 cum
1083 3560 1222 3625 gravitate
1242 3555 1356 3624 junctus

156 3658 320 3712 urbanitatis
337 3671 392 3710 nou
410 3657 550 3722 scurrilis,
569 3654 618 3706 sed
635 3655 766 3723 simplex,
800 3657 921 3710 refertus
953 3661 1063 3726 ingenio
1090 3666 1118 3712 et
1145 3665 1235 3716 animo
1261 3663 1356 3726 leposq,

156 3763 213 3810 tum
230 3763 309 3813 vocis
326 3764 451 3816 suavitas
470 3765 498 3812 et
515 3760 585 3811 ienis
603 3729 703 3810 vocum
721 3759 869 3840 appellatio
887 3762 915 3812 iu
931 3765 1125 3820 consuetudine
1144 3766 1265 3831 dicendi,
1283 3775 1356 3828 quae

156 3865 240 3914 etiam
257 3865 330 3916 solet
347 3867 416 3917 bene
434 3864 564 3930 loquendi
583 3863 686 3914 famam
704 3863 848 3914 conticere.
885 3864 943 3916 Nos
963 3867 1086 3934 quidem,
1118 3871 1163 3933 qui
1181 3880 1215 3919 eo
1232 3867 1354 3922 familia-¹

154 3969 265 4019 rissime
283 3970 453 4036 mirumne,
473 3972 504 4019 et
521 3967 710 4020 adolescentes
729 3967 939 4018 observavimus
956 3982 1066 4036 senem,
1085 3973 1141 4019 tam
1159 3965 1220 4034 ejus
1238 3983 1354 4022 consue-

152 4073 220 4122 tudo
241 4071 410 4140 delectabat,
438 4071 561 4122 utnulla
586 4070 661 4119 essct
678 4068 845 4120 amoenitate
863 4073 891 4121 et
909 4073 1001 4136 gratia
1019 4073 1169 4136 condition
1196 4049 1351 4140 magnoque

155 4187 240 4237 opere
259 4175 426 4225 mirabamur
442 4175 563 4238 quotidie
580 4173 676 4236 plenos
693 4172 822 4223 literatae
835 4173 985 4224 senectutis
1002 4185 1152 4226 sermones.
1188 4177 1230 4228 Eo
1249 4177 1353 4231 iactum

154 4280 213 4344 est,
238 4281 269 4328 ut
286 4277 409 4329 Marciio
433 4279 467 4328 de
490 4278 652 4342 Legamus
676 4274 754 4326 ilium
776 4287 878 4340 magua
905 4275 1116 4338 amplecteretur
1146 4279 1351 4346 benevelentia,

155 4507 191 4568 *J
209 4511 328 4562 merleia
346 4513 380 4560 de
397 4509 493 4576 Palla,
512 4523 529 4560 o
547 4523 597 4560 sea
615 4509 702 4561 Curso
719 4511 921 4586 mathematico.
940 4509 1033 4558 Milan.
1054 4509 1133 4562 1taa.
1221 4536 1225 4545 ·
