2990 4906
139 209 185 278 32
458 167 460 175 ‘
577 189 908 266 maerin.

139 387 279 493 Quidve
304 387 424 461 obitus
442 385 583 458 ferrent
606 385 715 476 rarii,
744 364 999 483 astrdrumque
1025 400 1181 474 meatus,
1248 395 1340 486 280-

138 515 174 585 Α
197 510 350 608 strepitu
374 508 504 610 procul
530 523 567 578 et
587 505 697 577 turba
722 504 947 577 silvestribus
972 531 1089 579 annos

138 634 274 730 Egerat
298 628 458 702 intentus
485 627 655 718 calamis,
681 626 781 698 haud
805 625 932 698 noxius
958 626 1036 698 ulli.

137 750 256 839 Felix,
285 749 343 820 eui
367 746 492 846 vigiles
517 746 681 821 nondum
704 747 901 847 prudentia
926 771 1032 818 ouras
1113 797 1115 802 ·

137 870 319 944 Attulerat
342 868 490 941 veniens
500 895 513 961 3
538 867 626 966 quin
651 893 773 939 rerum
798 866 940 938 incuria
963 871 1002 938 'et
1027 865 1110 965 ipsa

136 995 353 1063 Inconstans
378 1012 481 1060 mens
509 1003 546 1057 et
566 1013 659 1087 vaga
684 987 900 1060 conciliarat
921 1011 1095 1058 amorem.
1145 993 1150 998 ’
1247 994 1319 1063 285

136 1111 230 1181 Huic
254 1106 343 1181 levis
365 1106 405 1208 ia
427 1123 575 1178 noctem
599 1107 675 1204 jam
701 1133 822 1179 seram
848 1105 1004 1204 Spiritus
1029 1104 1091 1176 ille

137 1227 316 1302 Laetitiae
343 1250 467 1298 comes
493 1226 633 1298 insiluit
642 1255 654 1321 5
683 1253 756 1326 quo
781 1226 939 1327 plurima
964 1208 1090 1298 seeum
1179 1210 1183 1218 ⁴

137 1348 219 1422 Ibat
244 1369 355 1444 agens
381 1345 531 1435 animis,
557 1346 701 1419 insueto
726 1348 888 1447 percitus
915 1365 1050 1439 aestro.
1126 1360 1129 1380 ¹

136 1470 306 1564 Namque
332 1467 470 1563 injecta
494 1467 620 1539 hilaris
638 1493 742 1540 mens
769 1467 984 1568 improvisa:
1010 1467 1078 1541 sub
1102 1465 1193 1565 ipsis

138 1585 298 1684 (Cogere
324 1585 370 1658 six
379 1603 506 1684 posset
531 1588 716 1658 sociorum
740 1587 902 1686 plectra)
929 1586 1101 1682 fenestris
1250 1593 1321 1663 290

135 1705 298 1803 Virginis
323 1705 503 1776 instruere
529 1705 577 1776 ad
603 1706 779 1778 citharam
803 1708 945 1801 melos;
979 1724 1089 1804 atque
1115 1728 1248 1778 sereno

135 1823 349 1923 Hospitibus
375 1823 483 1898 fessis
510 1825 617 1896 coelo
644 1825 827 1898 deducere
854 1852 1016 1900 somnos.

136 1943 213 2015 Sed
239 1943 328 2044 quid
351 1960 427 2015 tum
451 1943 625 2043 poterat?
654 1971 747 2047 quos
773 1948 1003 2045 importunus
1029 1940 1173 2018 adiret?

73 2115 77 2132 .
126 2064 210 2134 -Aut
232 2063 380 2163 pulsare
406 2063 506 2138 fores
534 2064 692 2140 obscura
717 2067 871 2140 auderet
895 2068 934 2140 in
959 2061 1117 2138 umbra?

134 2185 234 2256 Ecce
261 2202 398 2277 autem,
422 2185 523 2260 vario
549 2213 676 2261 secum
701 2188 787 2261 dum
812 2189 963 2262 fluctuat
989 2202 1103 2273 aestu,
1249 2191 1319 2262 295

134 2303 253 2393 Ecce,
279 2305 448 2403 inquam,
471 2309 563 2381 socii
587 2327 710 2398 vates,
739 2334 833 2408 quos
861 2308 1012 2379 entheus
1038 2304 1138 2375 idem

114 2421 293 2520 ‘Spiritus
319 2426 489 2497 excierat.
541 2429 708 2504 Citharas
733 2432 794 2502 hie
819 2429 954 2503 vertice
982 2423 1133 2512 eburno,

134 2541 201 2612 Ille
227 2541 346 2640 lyram
371 2570 415 2615 er
440 2545 582 2638 ebeno,
609 2549 669 2621 hie
695 2551 860 2640 sistrum,
887 2573 954 2621 sua
978 2567 1131 2617 munera
1151 2539 1321 2640 quisque,

134 2661 295 2734 Delicias
323 2680 432 2761 atque
458 2684 641 2764 agrestum
665 2670 856 2745 intervalla
880 2669 1049 2741 laborum

135 2783 345 2855 Attulerant
370 2810 505 2859 secum.
538 2787 642 2860 'Nun
666 2789 809 2888 gratior
831 2789 906 2861 ulla
930 2787 1108 2885 voluptas,
1249 2791 1320 2860 500

136 2903 256 3001 Quam
281 2929 375 3001 quae
400 2906 598 3006 improviso
626 2909 819 3001 condicta,
847 2936 891 2981 ex
914 2926 1081 3006 tempore
1106 2901 1215 2975 nullis

134 3027 179 3094 In
202 3022 351 3122 longum
379 3026 534 3098 trahitur
558 3027 673 3100 dilata
699 3030 925 3130 ambagibus.
975 3031 1075 3124 Ergo

135 3143 219 3214 Una
242 3168 370 3215 omnes
395 3150 534 3247 pariter
558 3173 626 3247 per
651 3151 762 3248 opaci
786 3151 946 3249 compita
970 3147 1078 3233 ruris,

138 3264 218 3362 Quo
244 3262 347 3336 furor
370 3266 573 3357 immissus,
600 3295 674 3367 quo
700 3295 803 3341 mens
830 3271 983 3341 incensa
1007 3263 1175 3353 vocabat,

136 3383 307 3483 Elpinus,
330 3401 459 3482 pastor
484 3387 617 3485 Ligus,
643 3390 896 3491 Alcindusque
923 3387 1050 3474 secuti,
1251 3389 1320 3459 305

136 3505 404 3601 Montanusque
432 3505 541 3603 (haec
568 3511 719 3581 nomina
745 3529 872 3601 erant3
900 3505 967 3580 sed
990 3504 1152 3578 Montius
1178 3502 1259 3590 iste,

136 3628 206 3698 Hie
231 3625 375 3724 Magius
402 3626 509 3724 vulgo
536 3626 644 3718 dicti,
673 3625 959 3717 Pastoriusille‚

136 3747 207 3818 Hie
236 3751 414 3835 Lemene)
439 3747 683 3846 papaveribus
709 3749 889 3846 sertisque
914 3767 1082 3818 rosarum

151 3913 544 3933 W

138 4005 231 4058 ΗΘΒ
250 4030 281 4043 -
301 4007 353 4057 ast
370 4005 399 4056 iu
416 4003 487 4054 Edit.
506 4001 613 4052 Veneta
630 4004 736 4054 desunt.

138 4099 234 4150 tutat
250 4099 322 4148 inter
340 4102 367 4147 et
386 4099 435 4147 295
454 4095 525 4146 Edit.
544 4094 641 4144 venet.
660 4093 818 4166 iuterserit:

241 4192 345 4239 Haeret
361 4189 439 4246 inops
457 4185 553 4249 animi,
575 4189 744 4247 mentemque
761 4196 810 4246 per
828 4179 918 4231 omnia
936 4183 1038 4232 versat.

138 4285 172 4333 v.
180 4284 240 4336 ³01.
251 4282 324 4332 Edit.
342 4280 440 4329 venet.
462 4288 510 4338 pro
530 4287 569 4324 ex
586 4279 753 4338 tempore
771 4273 790 4327 1.
811 4274 987 4334 acceptaque.
