<?xml version="1.0" encoding="UTF-8"?>
<!DOCTYPE html PUBLIC "-//W3C//DTD XHTML 1.0 Transitional//EN"
    "http://www.w3.org/TR/xhtml1/DTD/xhtml1-transitional.dtd">
<html xmlns="http://www.w3.org/1999/xhtml" xml:lang="en" lang="en">
 <head>
  <title>
</title>
<meta http-equiv="Content-Type" content="text/html;charset=utf-8" />
  <meta name='ocr-system' content='tesseract 3.04.00' />
  <meta name='ocr-capabilities' content='ocr_page ocr_carea ocr_par ocr_line ocrx_word'/>
</head>
<body>
  <div class='ocr_page' id='page_1' title='image "./jesuspuerpoema00gratgoog_0070.png"; bbox 0 0 2990 4906; ppageno 0'>
   <div class='ocr_carea' id='block_1_1' title="bbox 597 192 1371 298">
    <p class='ocr_par' dir='ltr' id='par_1_1' title="bbox 597 192 1371 298">
     <span class='ocr_line' id='line_1_1' title="bbox 597 192 1371 298; baseline -0.003 -33"><span class='ocrx_word' id='word_1_1' title='bbox 597 195 782 298; x_wconf 69' lang='lat' dir='ltr'><strong>ulus</strong></span> <span class='ocrx_word' id='word_1_2' title='bbox 807 196 842 263; x_wconf 82' lang='lat' dir='ltr'><strong>n</strong></span> <span class='ocrx_word' id='word_1_3' title='bbox 889 192 951 264; x_wconf 88' lang='lat'><strong>111.</strong></span> <span class='ocrx_word' id='word_1_4' title='bbox 1325 210 1371 278; x_wconf 70' lang='lat'><strong>39</strong></span> 
     </span>
    </p>
   </div>
   <div class='ocr_carea' id='block_1_2' title="bbox 180 385 1421 3857">
    <p class='ocr_par' dir='ltr' id='par_1_2' title="bbox 183 385 1372 853">
     <span class='ocr_line' id='line_1_2' title="bbox 184 385 1372 494; baseline -0.004 -30"><span class='ocrx_word' id='word_1_5' title='bbox 184 395 367 482; x_wconf 82' lang='lat' dir='ltr'><strong>Demens,</strong></span> <span class='ocrx_word' id='word_1_6' title='bbox 390 390 453 490; x_wconf 89' lang='lat' dir='ltr'><strong>qui</strong></span> <span class='ocrx_word' id='word_1_7' title='bbox 477 414 622 464; x_wconf 89' lang='lat' dir='ltr'><strong>rursum</strong></span> <span class='ocrx_word' id='word_1_8' title='bbox 644 405 789 494; x_wconf 85' lang='lat' dir='ltr'><strong>tentare</strong></span> <span class='ocrx_word' id='word_1_9' title='bbox 813 385 981 494; x_wconf 84' lang='lat' dir='ltr'><strong>pericula</strong></span> <span class='ocrx_word' id='word_1_10' title='bbox 1004 385 1132 462; x_wconf 88' lang='lat' dir='ltr'><strong>Martis</strong></span> <span class='ocrx_word' id='word_1_11' title='bbox 1327 403 1372 470; x_wconf 79' lang='lat'><strong>15</strong></span> 
     </span>
     <span class='ocr_line' id='line_1_3' title="bbox 183 503 1188 603; baseline -0.009 -17"><span class='ocrx_word' id='word_1_12' title='bbox 183 513 306 603; x_wconf 87' lang='lat' dir='ltr'><strong>Ausit,</strong></span> <span class='ocrx_word' id='word_1_13' title='bbox 332 530 370 585; x_wconf 89' lang='lat' dir='ltr'><strong>et</strong></span> <span class='ocrx_word' id='word_1_14' title='bbox 384 510 482 585; x_wconf 92' lang='lat' dir='ltr'><strong>unde</strong></span> <span class='ocrx_word' id='word_1_15' title='bbox 503 510 617 584; x_wconf 84' lang='lat' dir='ltr'><strong>miser</strong></span> <span class='ocrx_word' id='word_1_16' title='bbox 641 509 788 601; x_wconf 84' lang='lat' dir='ltr'><strong>cecidit,</strong></span> <span class='ocrx_word' id='word_1_17' title='bbox 813 534 855 581; x_wconf 90' lang='lat' dir='ltr'><strong>se</strong></span> <span class='ocrx_word' id='word_1_18' title='bbox 879 503 1035 582; x_wconf 85' lang='lat' dir='ltr'><strong>eredere</strong></span> <span class='ocrx_word' id='word_1_19' title='bbox 1061 503 1168 580; x_wconf 84' lang='lat' dir='ltr'><strong>coelo</strong></span> <span class='ocrx_word' id='word_1_20' title='bbox 1175 532 1188 601; x_wconf 81' lang='lat'>3</span> 
     </span>
     <span class='ocr_line' id='line_1_4' title="bbox 184 625 1227 733; baseline -0.005 -29"><span class='ocrx_word' id='word_1_21' title='bbox 184 635 403 706; x_wconf 83' lang='lat' dir='ltr'><strong>Tartareum</strong></span> <span class='ocrx_word' id='word_1_22' title='bbox 428 630 590 732; x_wconf 54' lang='lat' dir='ltr'><strong>wamiis</strong></span> <span class='ocrx_word' id='word_1_23' title='bbox 614 647 801 733; x_wconf 84' lang='lat' dir='ltr'><strong>sceptrum</strong></span> <span class='ocrx_word' id='word_1_24' title='bbox 824 627 1000 706; x_wconf 82' lang='lat' dir='ltr'><strong>soliumre</strong></span> <span class='ocrx_word' id='word_1_25' title='bbox 1024 625 1227 717; x_wconf 81' lang='lat' dir='ltr'><strong>tremiscat,</strong></span> 
     </span>
     <span class='ocr_line' id='line_1_5' title="bbox 184 749 1098 853; baseline -0.007 -28"><span class='ocrx_word' id='word_1_26' title='bbox 184 754 399 853; x_wconf 83' lang='lat' dir='ltr'><strong>indicioque</strong></span> <span class='ocrx_word' id='word_1_27' title='bbox 423 754 519 825; x_wconf 88' lang='lat' dir='ltr'><strong>Puer</strong></span> <span class='ocrx_word' id='word_1_28' title='bbox 541 779 618 827; x_wconf 93' lang='lat' dir='ltr'><strong>non</strong></span> <span class='ocrx_word' id='word_1_29' title='bbox 640 777 716 826; x_wconf 91' lang='lat' dir='ltr'><strong>uno</strong></span> <span class='ocrx_word' id='word_1_30' title='bbox 742 768 904 824; x_wconf 86' lang='lat' dir='ltr'><strong>extrema</strong></span> <span class='ocrx_word' id='word_1_31' title='bbox 927 749 1098 822; x_wconf 86' lang='lat' dir='ltr'><strong>minetur.</strong></span> 
     </span>
    </p>

    <p class='ocr_par' dir='ltr' id='par_1_3' title="bbox 183 866 1168 972">
     <span class='ocr_line' id='line_1_6' title="bbox 183 866 1168 972; baseline -0.011 -24"><span class='ocrx_word' id='word_1_32' title='bbox 183 875 291 972; x_wconf 81' lang='lat' dir='ltr'><strong>Unde</strong></span> <span class='ocrx_word' id='word_1_33' title='bbox 322 873 418 946; x_wconf 90' lang='lat' dir='ltr'><strong>adeo</strong></span> <span class='ocrx_word' id='word_1_34' title='bbox 442 872 614 946; x_wconf 81' lang='lat' dir='ltr'><strong>incensus</strong></span> <span class='ocrx_word' id='word_1_35' title='bbox 633 871 737 946; x_wconf 85' lang='lat' dir='ltr'><strong>iuriis</strong></span> <span class='ocrx_word' id='word_1_36' title='bbox 762 869 835 946; x_wconf 88' lang='lat' dir='ltr'><strong>huo</strong></span> <span class='ocrx_word' id='word_1_37' title='bbox 858 866 1026 942; x_wconf 90' lang='lat' dir='ltr'><strong>turbidus</strong></span> <span class='ocrx_word' id='word_1_38' title='bbox 1050 891 1168 968; x_wconf 83' lang='lat' dir='ltr'><strong>usque</strong></span> 
     </span>
    </p>

    <p class='ocr_par' dir='ltr' id='par_1_4' title="bbox 183 988 1375 1214">
     <span class='ocr_line' id='line_1_7' title="bbox 183 988 1375 1086; baseline -0.001 -20"><span class='ocrx_word' id='word_1_39' title='bbox 183 995 329 1066; x_wconf 86' lang='lat' dir='ltr'><strong>Praelia</strong></span> <span class='ocrx_word' id='word_1_40' title='bbox 353 992 553 1086; x_wconf 87' lang='lat' dir='ltr'><strong>distulerit,</strong></span> <span class='ocrx_word' id='word_1_41' title='bbox 579 1018 710 1068; x_wconf 86' lang='lat' dir='ltr'><strong>causes</strong></span> <span class='ocrx_word' id='word_1_42' title='bbox 735 988 901 1066; x_wconf 70' lang='lat' dir='ltr'><strong>evolvere</strong></span> <span class='ocrx_word' id='word_1_43' title='bbox 926 990 975 1066; x_wconf 91' lang='lat' dir='ltr'><strong>ab</strong></span> <span class='ocrx_word' id='word_1_44' title='bbox 999 989 1074 1063; x_wconf 91' lang='lat' dir='ltr'><strong>alto</strong></span> <span class='ocrx_word' id='word_1_45' title='bbox 1326 999 1375 1065; x_wconf 76' lang='lat'><strong>20</strong></span> 
     </span>
     <span class='ocr_line' id='line_1_8' title="bbox 183 1107 1227 1214; baseline -0.008 -28"><span class='ocrx_word' id='word_1_46' title='bbox 183 1119 315 1214; x_wconf 82' lang='lat' dir='ltr'><strong>Longa</strong></span> <span class='ocrx_word' id='word_1_47' title='bbox 338 1113 437 1187; x_wconf 84' lang='lat' dir='ltr'><strong>foret</strong></span> <span class='ocrx_word' id='word_1_48' title='bbox 462 1115 588 1190; x_wconf 88' lang='lat' dir='ltr'><strong>series.</strong></span> <span class='ocrx_word' id='word_1_49' title='bbox 637 1110 762 1202; x_wconf 82' lang='lat' dir='ltr'><strong>Pharii</strong></span> <span class='ocrx_word' id='word_1_50' title='bbox 786 1137 946 1210; x_wconf 88' lang='lat' dir='ltr'><strong>namque</strong></span> <span class='ocrx_word' id='word_1_51' title='bbox 972 1135 1059 1186; x_wconf 81' lang='lat' dir='ltr'><strong>arva</strong></span> <span class='ocrx_word' id='word_1_52' title='bbox 1084 1107 1227 1209; x_wconf 82' lang='lat' dir='ltr'><strong>Canopi</strong></span> 
     </span>
    </p>

    <p class='ocr_par' dir='ltr' id='par_1_5' title="bbox 183 1215 1299 1453">
     <span class='ocr_line' id='line_1_9' title="bbox 183 1215 1299 1335; baseline -0.003 -29"><span class='ocrx_word' id='word_1_53' title='bbox 183 1233 234 1306; x_wconf 90' lang='lat' dir='ltr'><strong>Ut</strong></span> <span class='ocrx_word' id='word_1_54' title='bbox 256 1234 415 1333; x_wconf 90' lang='lat' dir='ltr'><strong>primum</strong></span> <span class='ocrx_word' id='word_1_55' title='bbox 437 1233 556 1335; x_wconf 81' lang='lat' dir='ltr'><strong>tetigit</strong></span> <span class='ocrx_word' id='word_1_56' title='bbox 578 1236 680 1307; x_wconf 89' lang='lat' dir='ltr'><strong>Deus</strong></span> <span class='ocrx_word' id='word_1_57' title='bbox 704 1229 848 1321; x_wconf 84' lang='lat' dir='ltr'><strong>infans,</strong></span> <span class='ocrx_word' id='word_1_58' title='bbox 872 1231 970 1304; x_wconf 88' lang='lat' dir='ltr'><strong>illius</strong></span> <span class='ocrx_word' id='word_1_59' title='bbox 995 1227 1117 1303; x_wconf 89' lang='lat' dir='ltr'><strong>omnis</strong></span> <span class='ocrx_word' id='word_1_60' title='bbox 1295 1215 1299 1224; x_wconf 42' lang='lat'><strong>⁴</strong></span> 
     </span>
     <span class='ocr_line' id='line_1_10' title="bbox 184 1348 1128 1453; baseline 0 -31"><span class='ocrx_word' id='word_1_61' title='bbox 184 1351 337 1425; x_wconf 90' lang='lat' dir='ltr'><strong>Horruit</strong></span> <span class='ocrx_word' id='word_1_62' title='bbox 361 1352 556 1429; x_wconf 81' lang='lat' dir='ltr'><strong>adrentum</strong></span> <span class='ocrx_word' id='word_1_63' title='bbox 577 1355 653 1453; x_wconf 82' lang='lat' dir='ltr'><strong>jam</strong></span> <span class='ocrx_word' id='word_1_64' title='bbox 676 1368 755 1426; x_wconf 89' lang='lat' dir='ltr'><strong>tum</strong></span> <span class='ocrx_word' id='word_1_65' title='bbox 777 1350 981 1424; x_wconf 85' lang='lat' dir='ltr'><strong>Mareotica</strong></span> <span class='ocrx_word' id='word_1_66' title='bbox 1003 1348 1128 1439; x_wconf 82' lang='lat' dir='ltr'><strong>tellus,</strong></span> 
     </span>
    </p>

    <p class='ocr_par' dir='ltr' id='par_1_6' title="bbox 182 1467 1373 1814">
     <span class='ocr_line' id='line_1_11' title="bbox 189 1467 1239 1574; baseline -0.001 -31"><span class='ocrx_word' id='word_1_67' title='bbox 189 1471 340 1570; x_wconf 80' lang='lat' dir='ltr'><strong>Oraque</strong></span> <span class='ocrx_word' id='word_1_68' title='bbox 364 1489 552 1546; x_wconf 86' lang='lat' dir='ltr'><strong>torserunt</strong></span> <span class='ocrx_word' id='word_1_69' title='bbox 575 1473 683 1572; x_wconf 79' lang='lat' dir='ltr'><strong>signa</strong></span> <span class='ocrx_word' id='word_1_70' title='bbox 706 1497 838 1563; x_wconf 86' lang='lat' dir='ltr'><strong>aerea,</strong></span> <span class='ocrx_word' id='word_1_71' title='bbox 861 1470 1075 1574; x_wconf 89' lang='lat' dir='ltr'><strong>templaque</strong></span> <span class='ocrx_word' id='word_1_72' title='bbox 1098 1467 1239 1572; x_wconf 85' lang='lat' dir='ltr'><strong>passim</strong></span> 
     </span>
     <span class='ocr_line' id='line_1_12' title="bbox 185 1590 1373 1692; baseline 0.008 -31"><span class='ocrx_word' id='word_1_73' title='bbox 185 1593 348 1664; x_wconf 74' lang='lat' dir='ltr'><strong>Traxere</strong></span> <span class='ocrx_word' id='word_1_74' title='bbox 370 1593 538 1692; x_wconf 82' lang='lat' dir='ltr'><strong>ingentes</strong></span> <span class='ocrx_word' id='word_1_75' title='bbox 561 1592 673 1668; x_wconf 92' lang='lat' dir='ltr'><strong>rimas</strong></span> <span class='ocrx_word' id='word_1_76' title='bbox 680 1621 694 1689; x_wconf 83' lang='lat'>3</span> <span class='ocrx_word' id='word_1_77' title='bbox 721 1591 991 1692; x_wconf 88' lang='lat' dir='ltr'><strong>simulacraque</strong></span> <span class='ocrx_word' id='word_1_78' title='bbox 1015 1590 1126 1668; x_wconf 88' lang='lat' dir='ltr'><strong>mutis</strong></span> <span class='ocrx_word' id='word_1_79' title='bbox 1326 1602 1373 1670; x_wconf 78' lang='lat'><strong>25</strong></span> 
     </span>
     <span class='ocr_line' id='line_1_13' title="bbox 182 1697 1204 1814; baseline 0.002 -28"><span class='ocrx_word' id='word_1_80' title='bbox 182 1711 413 1786; x_wconf 82' lang='lat' dir='ltr'><strong>Adventante</strong></span> <span class='ocrx_word' id='word_1_81' title='bbox 436 1715 519 1787; x_wconf 91' lang='lat' dir='ltr'><strong>Deo</strong></span> <span class='ocrx_word' id='word_1_82' title='bbox 539 1737 711 1814; x_wconf 85' lang='lat' dir='ltr'><strong>pressere</strong></span> <span class='ocrx_word' id='word_1_83' title='bbox 736 1712 889 1788; x_wconf 83' lang='lat' dir='ltr'><strong>oracula</strong></span> <span class='ocrx_word' id='word_1_84' title='bbox 912 1712 1062 1814; x_wconf 80' lang='lat' dir='ltr'><strong>linguis.</strong></span> <span class='ocrx_word' id='word_1_85' title='bbox 1087 1749 1095 1762; x_wconf 86' lang='lat'><strong>·</strong></span> <span class='ocrx_word' id='word_1_86' title='bbox 1203 1697 1204 1700; x_wconf 8' lang='grc' dir='ltr'><strong>Ἴ</strong></span> 
     </span>
    </p>

    <p class='ocr_par' dir='ltr' id='par_1_7' title="bbox 180 1831 1199 1937">
     <span class='ocr_line' id='line_1_14' title="bbox 180 1831 1199 1937; baseline 0.002 -35"><span class='ocrx_word' id='word_1_87' title='bbox 180 1832 283 1906; x_wconf 83' lang='grc' dir='ltr'>Ηίιιο·</span> <span class='ocrx_word' id='word_1_88' title='bbox 300 1831 424 1906; x_wconf 82' lang='lat' dir='ltr'><strong>rabies</strong></span> <span class='ocrx_word' id='word_1_89' title='bbox 450 1832 608 1908; x_wconf 82' lang='lat' dir='ltr'><strong>collecte</strong></span> <span class='ocrx_word' id='word_1_90' title='bbox 631 1836 782 1937; x_wconf 82' lang='lat' dir='ltr'><strong>iugens,</strong></span> <span class='ocrx_word' id='word_1_91' title='bbox 808 1858 1030 1936; x_wconf 86' lang='lat' dir='ltr'><strong>semperque</strong></span> <span class='ocrx_word' id='word_1_92' title='bbox 1054 1831 1199 1906; x_wconf 87' lang='lat' dir='ltr'><strong>recenti</strong></span> 
     </span>
    </p>

    <p class='ocr_par' dir='ltr' id='par_1_8' title="bbox 181 1931 1374 2412">
     <span class='ocr_line' id='line_1_15' title="bbox 183 1931 1291 2030; baseline 0.003 -7"><span class='ocrx_word' id='word_1_93' title='bbox 183 1931 297 2024; x_wconf 71' lang='lat' dir='ltr'><strong>Clade</strong></span> <span class='ocrx_word' id='word_1_94' title='bbox 323 1971 451 2027; x_wconf 83' lang='lat' dir='ltr'><strong>auctus</strong></span> <span class='ocrx_word' id='word_1_95' title='bbox 476 1953 583 2028; x_wconf 84' lang='lat' dir='ltr'><strong>dolor</strong></span> <span class='ocrx_word' id='word_1_96' title='bbox 608 1974 647 2027; x_wconf 91' lang='lat' dir='ltr'><strong>et</strong></span> <span class='ocrx_word' id='word_1_97' title='bbox 668 1958 786 2030; x_wconf 81' lang='lat' dir='ltr'><strong>virus:</strong></span> <span class='ocrx_word' id='word_1_98' title='bbox 812 1974 960 2029; x_wconf 86' lang='lat' dir='ltr'><strong>eentum</strong></span> <span class='ocrx_word' id='word_1_99' title='bbox 985 1969 1070 2027; x_wconf 86' lang='lat' dir='ltr'><strong>aeta</strong></span> <span class='ocrx_word' id='word_1_100' title='bbox 1094 1951 1163 2025; x_wconf 89' lang='lat' dir='ltr'><strong>sub</strong></span> <span class='ocrx_word' id='word_1_101' title='bbox 1190 1951 1291 2026; x_wconf 86' lang='lat' dir='ltr'><strong>Oreo</strong></span> 
     </span>
     <span class='ocr_line' id='line_1_16' title="bbox 183 2069 1274 2172; baseline 0.005 -29"><span class='ocrx_word' id='word_1_102' title='bbox 183 2069 367 2144; x_wconf 72' lang='lat' dir='ltr'><strong>Conciliat</strong></span> <span class='ocrx_word' id='word_1_103' title='bbox 392 2072 610 2146; x_wconf 87' lang='lat' dir='ltr'><strong>innumerae</strong></span> <span class='ocrx_word' id='word_1_104' title='bbox 629 2072 782 2149; x_wconf 83' lang='lat' dir='ltr'><strong>fraudes</strong></span> <span class='ocrx_word' id='word_1_105' title='bbox 805 2091 927 2148; x_wconf 84' lang='lat' dir='ltr'><strong>textae</strong></span> <span class='ocrx_word' id='word_1_106' title='bbox 952 2089 1065 2172; x_wconf 90' lang='lat' dir='ltr'><strong>atque</strong></span> <span class='ocrx_word' id='word_1_107' title='bbox 1089 2089 1274 2148; x_wconf 80' lang='lat' dir='ltr'><strong>retextaet</strong></span> 
     </span>
     <span class='ocr_line' id='line_1_17' title="bbox 183 2189 1374 2294; baseline 0.004 -32"><span class='ocrx_word' id='word_1_108' title='bbox 183 2189 393 2289; x_wconf 81' lang='lat' dir='ltr'><strong>Consoripti</strong></span> <span class='ocrx_word' id='word_1_109' title='bbox 410 2192 655 2291; x_wconf 85' lang='lat' dir='ltr'><strong>expunctique</strong></span> <span class='ocrx_word' id='word_1_110' title='bbox 672 2193 800 2268; x_wconf 87' lang='lat' dir='ltr'><strong>duces.</strong></span> <span class='ocrx_word' id='word_1_111' title='bbox 847 2193 954 2264; x_wconf 88' lang='lat' dir='ltr'><strong>Mens</strong></span> <span class='ocrx_word' id='word_1_112' title='bbox 968 2189 1138 2263; x_wconf 85' lang='lat' dir='ltr'><strong>omnibus</strong></span> <span class='ocrx_word' id='word_1_113' title='bbox 1148 2216 1301 2294; x_wconf 85' lang='lat' dir='ltr'><strong>anceps,</strong></span> <span class='ocrx_word' id='word_1_114' title='bbox 1329 2209 1374 2276; x_wconf 70' lang='lat'><strong>50</strong></span> 
     </span>
     <span class='ocr_line' id='line_1_18' title="bbox 181 2307 1138 2412; baseline 0.001 -31"><span class='ocrx_word' id='word_1_115' title='bbox 181 2309 243 2380; x_wconf 89' lang='lat' dir='ltr'><strong>An</strong></span> <span class='ocrx_word' id='word_1_116' title='bbox 267 2325 386 2400; x_wconf 83' lang='lat' dir='ltr'><strong>vates,</strong></span> <span class='ocrx_word' id='word_1_117' title='bbox 411 2333 460 2382; x_wconf 82' lang='lat' dir='ltr'><strong>un</strong></span> <span class='ocrx_word' id='word_1_118' title='bbox 484 2307 582 2382; x_wconf 90' lang='lat' dir='ltr'><strong>forte</strong></span> <span class='ocrx_word' id='word_1_119' title='bbox 607 2308 740 2412; x_wconf 88' lang='lat' dir='ltr'><strong>aliquis</strong></span> <span class='ocrx_word' id='word_1_120' title='bbox 766 2307 814 2384; x_wconf 91' lang='lat' dir='ltr'><strong>de</strong></span> <span class='ocrx_word' id='word_1_121' title='bbox 838 2327 949 2412; x_wconf 82' lang='lat' dir='ltr'><strong>gente</strong></span> <span class='ocrx_word' id='word_1_122' title='bbox 973 2308 1138 2409; x_wconf 88' lang='lat' dir='ltr'><strong>supremi</strong></span> 
     </span>
    </p>

    <p class='ocr_par' dir='ltr' id='par_1_9' title="bbox 182 2419 1367 2652">
     <span class='ocr_line' id='line_1_19' title="bbox 185 2419 1367 2532; baseline 0.003 -29"><span class='ocrx_word' id='word_1_123' title='bbox 185 2430 354 2523; x_wconf 87' lang='lat' dir='ltr'><strong>Ordinis,</strong></span> <span class='ocrx_word' id='word_1_124' title='bbox 379 2457 427 2504; x_wconf 88' lang='lat' dir='ltr'><strong>an</strong></span> <span class='ocrx_word' id='word_1_125' title='bbox 453 2429 599 2502; x_wconf 88' lang='lat' dir='ltr'><strong>demum</strong></span> <span class='ocrx_word' id='word_1_126' title='bbox 625 2419 745 2532; x_wconf 89' lang='lat' dir='ltr'><strong>(quod</strong></span> <span class='ocrx_word' id='word_1_127' title='bbox 769 2458 846 2506; x_wconf 93' lang='lat' dir='ltr'><strong>non</strong></span> <span class='ocrx_word' id='word_1_128' title='bbox 870 2447 927 2504; x_wconf 91' lang='lat' dir='ltr'><strong>est</strong></span> <span class='ocrx_word' id='word_1_129' title='bbox 951 2425 1124 2529; x_wconf 84' lang='lat' dir='ltr'><strong>credere)</strong></span> <span class='ocrx_word' id='word_1_130' title='bbox 1153 2431 1301 2506; x_wconf 84' lang='lat' dir='ltr'><strong>Numen</strong></span> <span class='ocrx_word' id='word_1_131' title='bbox 1362 2517 1367 2530; x_wconf 83' lang='lat'><strong>.</strong></span> 
     </span>
     <span class='ocr_line' id='line_1_20' title="bbox 182 2542 1153 2652; baseline 0.004 -32"><span class='ocrx_word' id='word_1_132' title='bbox 182 2551 351 2638; x_wconf 88' lang='lat' dir='ltr'><strong>Humana</strong></span> <span class='ocrx_word' id='word_1_133' title='bbox 374 2551 489 2624; x_wconf 85' lang='lat' dir='ltr'><strong>lateat</strong></span> <span class='ocrx_word' id='word_1_134' title='bbox 513 2542 581 2622; x_wconf 89' lang='lat' dir='ltr'><strong>sub</strong></span> <span class='ocrx_word' id='word_1_135' title='bbox 606 2549 777 2652; x_wconf 79' lang='lat' dir='ltr'><strong>imagine.</strong></span> <span class='ocrx_word' id='word_1_136' title='bbox 825 2553 907 2624; x_wconf 85' lang='lat' dir='ltr'><strong>Neo</strong></span> <span class='ocrx_word' id='word_1_137' title='bbox 931 2551 1052 2622; x_wconf 89' lang='lat' dir='ltr'><strong>minus</strong></span> <span class='ocrx_word' id='word_1_138' title='bbox 1079 2551 1153 2624; x_wconf 87' lang='lat' dir='ltr'><strong>acti</strong></span> 
     </span>
    </p>

    <p class='ocr_par' dir='ltr' id='par_1_10' title="bbox 181 2668 1421 3131">
     <span class='ocr_line' id='line_1_21' title="bbox 181 2668 1421 2772; baseline 0.004 -32"><span class='ocrx_word' id='word_1_139' title='bbox 181 2672 223 2740; x_wconf 90' lang='lat' dir='ltr'><strong>ln</strong></span> <span class='ocrx_word' id='word_1_140' title='bbox 252 2669 395 2745; x_wconf 76' lang='lat' dir='ltr'><strong>diversa</strong></span> <span class='ocrx_word' id='word_1_141' title='bbox 420 2673 550 2762; x_wconf 89' lang='lat' dir='ltr'><strong>animi,</strong></span> <span class='ocrx_word' id='word_1_142' title='bbox 577 2671 667 2770; x_wconf 90' lang='lat' dir='ltr'><strong>quid</strong></span> <span class='ocrx_word' id='word_1_143' title='bbox 692 2690 823 2772; x_wconf 79' lang='lat' dir='ltr'><strong>agent,</strong></span> <span class='ocrx_word' id='word_1_144' title='bbox 850 2668 983 2771; x_wconf 88' lang='lat' dir='ltr'><strong>quibus</strong></span> <span class='ocrx_word' id='word_1_145' title='bbox 1009 2669 1149 2744; x_wconf 87' lang='lat' dir='ltr'><strong>artibus</strong></span> <span class='ocrx_word' id='word_1_146' title='bbox 1176 2671 1345 2768; x_wconf 71' lang='lat' dir='ltr'><strong>obstent,</strong></span> <span class='ocrx_word' id='word_1_147' title='bbox 1414 2735 1421 2766; x_wconf 64' lang='lat'><strong>,</strong></span> 
     </span>
     <span class='ocr_line' id='line_1_22' title="bbox 181 2789 1372 2893; baseline 0.003 -31"><span class='ocrx_word' id='word_1_148' title='bbox 181 2791 279 2862; x_wconf 87' lang='lat' dir='ltr'><strong>Num</strong></span> <span class='ocrx_word' id='word_1_149' title='bbox 304 2789 494 2881; x_wconf 89' lang='lat' dir='ltr'><strong>simulent,</strong></span> <span class='ocrx_word' id='word_1_150' title='bbox 520 2818 606 2862; x_wconf 89' lang='lat' dir='ltr'><strong>num</strong></span> <span class='ocrx_word' id='word_1_151' title='bbox 622 2809 737 2865; x_wconf 87' lang='lat' dir='ltr'><strong>marte</strong></span> <span class='ocrx_word' id='word_1_152' title='bbox 753 2791 878 2893; x_wconf 86' lang='lat' dir='ltr'><strong>pelam</strong></span> <span class='ocrx_word' id='word_1_153' title='bbox 894 2815 1119 2865; x_wconf 83' lang='lat' dir='ltr'><strong>concurrere</strong></span> <span class='ocrx_word' id='word_1_154' title='bbox 1145 2810 1298 2867; x_wconf 82' lang='lat' dir='ltr'><strong>certent.</strong></span> <span class='ocrx_word' id='word_1_155' title='bbox 1326 2810 1372 2878; x_wconf 74' lang='lat'><strong>35</strong></span> 
     </span>
     <span class='ocr_line' id='line_1_23' title="bbox 181 2909 1177 3011; baseline 0 -29"><span class='ocrx_word' id='word_1_156' title='bbox 181 2913 238 2984; x_wconf 82' lang='lat' dir='ltr'><strong>Ac</strong></span> <span class='ocrx_word' id='word_1_157' title='bbox 262 2912 390 3000; x_wconf 82' lang='lat' dir='ltr'><strong>veluti,</strong></span> <span class='ocrx_word' id='word_1_158' title='bbox 416 2911 517 3011; x_wconf 86' lang='lat' dir='ltr'><strong>prius</strong></span> <span class='ocrx_word' id='word_1_159' title='bbox 543 2910 709 3010; x_wconf 85' lang='lat' dir='ltr'><strong>abruptis</strong></span> <span class='ocrx_word' id='word_1_160' title='bbox 735 2939 846 3010; x_wconf 85' lang='lat' dir='ltr'><strong>quam</strong></span> <span class='ocrx_word' id='word_1_161' title='bbox 871 2911 1031 2982; x_wconf 88' lang='lat' dir='ltr'><strong>nubibus</strong></span> <span class='ocrx_word' id='word_1_162' title='bbox 1056 2909 1177 2982; x_wconf 86' lang='lat' dir='ltr'><strong>imber</strong></span> 
     </span>
     <span class='ocr_line' id='line_1_24' title="bbox 182 3029 1202 3131; baseline 0.001 -32"><span class='ocrx_word' id='word_1_163' title='bbox 182 3032 425 3131; x_wconf 82' lang='lat' dir='ltr'><strong>Praecipitet,</strong></span> <span class='ocrx_word' id='word_1_164' title='bbox 450 3031 561 3128; x_wconf 78' lang='lat' dir='ltr'><strong>longe</strong></span> <span class='ocrx_word' id='word_1_165' title='bbox 586 3031 751 3102; x_wconf 88' lang='lat' dir='ltr'><strong>clausum</strong></span> <span class='ocrx_word' id='word_1_166' title='bbox 775 3032 871 3102; x_wconf 86' lang='lat' dir='ltr'><strong>inter</strong></span> <span class='ocrx_word' id='word_1_167' title='bbox 895 3029 1022 3104; x_wconf 89' lang='lat' dir='ltr'><strong>nubila</strong></span> <span class='ocrx_word' id='word_1_168' title='bbox 1048 3053 1202 3100; x_wconf 84' lang='lat' dir='ltr'><strong>rausum</strong></span> 
     </span>
    </p>

    <p class='ocr_par' dir='ltr' id='par_1_11' title="bbox 181 3147 1260 3372">
     <span class='ocr_line' id='line_1_25' title="bbox 181 3147 1260 3252; baseline 0.004 -31"><span class='ocrx_word' id='word_1_169' title='bbox 181 3151 215 3221; x_wconf 90' lang='lat' dir='ltr'><strong>lt</strong></span> <span class='ocrx_word' id='word_1_170' title='bbox 237 3177 421 3248; x_wconf 87' lang='lat' dir='ltr'><strong>murmur,</strong></span> <span class='ocrx_word' id='word_1_171' title='bbox 446 3152 617 3252; x_wconf 82' lang='lat' dir='ltr'><strong>ventique</strong></span> <span class='ocrx_word' id='word_1_172' title='bbox 641 3151 822 3244; x_wconf 83' lang='lat' dir='ltr'><strong>fremunt,</strong></span> <span class='ocrx_word' id='word_1_173' title='bbox 846 3174 994 3248; x_wconf 87' lang='lat' dir='ltr'><strong>noxque</strong></span> <span class='ocrx_word' id='word_1_174' title='bbox 1017 3147 1155 3248; x_wconf 81' lang='lat' dir='ltr'><strong>ingruit</strong></span> <span class='ocrx_word' id='word_1_175' title='bbox 1179 3167 1260 3225; x_wconf 87' lang='lat' dir='ltr'><strong>atra</strong></span> 
     </span>
     <span class='ocr_line' id='line_1_26' title="bbox 181 3269 1138 3372; baseline 0.002 -32"><span class='ocrx_word' id='word_1_176' title='bbox 181 3269 362 3343; x_wconf 82' lang='lat' dir='ltr'><strong>Paulatim</strong></span> <span class='ocrx_word' id='word_1_177' title='bbox 387 3271 531 3344; x_wconf 88' lang='lat' dir='ltr'><strong>coelum</strong></span> <span class='ocrx_word' id='word_1_178' title='bbox 556 3273 736 3372; x_wconf 75' lang='lat' dir='ltr'><strong>eripiens,</strong></span> <span class='ocrx_word' id='word_1_179' title='bbox 763 3273 897 3369; x_wconf 85' lang='lat' dir='ltr'><strong>etjam</strong></span> <span class='ocrx_word' id='word_1_180' title='bbox 922 3286 1027 3344; x_wconf 87' lang='lat' dir='ltr'><strong>tonat</strong></span> <span class='ocrx_word' id='word_1_181' title='bbox 1049 3269 1138 3360; x_wconf 87' lang='lat' dir='ltr'><strong>ax&#39;is,</strong></span> 
     </span>
    </p>

    <p class='ocr_par' dir='ltr' id='par_1_12' title="bbox 181 3390 1370 3613">
     <span class='ocr_line' id='line_1_27' title="bbox 182 3390 1370 3494; baseline 0.006 -32"><span class='ocrx_word' id='word_1_182' title='bbox 182 3390 337 3490; x_wconf 83' lang='lat' dir='ltr'><strong>lemque</strong></span> <span class='ocrx_word' id='word_1_183' title='bbox 364 3392 500 3466; x_wconf 82' lang='lat' dir='ltr'><strong>endunt</strong></span> <span class='ocrx_word' id='word_1_184' title='bbox 524 3412 648 3494; x_wconf 83' lang='lat' dir='ltr'><strong>guttae</strong></span> <span class='ocrx_word' id='word_1_185' title='bbox 673 3393 862 3492; x_wconf 78' lang='lat' dir='ltr'><strong>ingentes:</strong></span> <span class='ocrx_word' id='word_1_186' title='bbox 887 3411 964 3466; x_wconf 88' lang='lat' dir='ltr'><strong>tum</strong></span> <span class='ocrx_word' id='word_1_187' title='bbox 981 3393 1142 3492; x_wconf 88' lang='lat' dir='ltr'><strong>denique</strong></span> <span class='ocrx_word' id='word_1_188' title='bbox 1158 3391 1297 3468; x_wconf 79' lang='lat' dir='ltr'><strong>fractus</strong></span> <span class='ocrx_word' id='word_1_189' title='bbox 1324 3404 1370 3482; x_wconf 73' lang='grc' dir='ltr'><strong>[ιο</strong></span> 
     </span>
     <span class='ocr_line' id='line_1_28' title="bbox 181 3510 1129 3613; baseline 0.008 -35"><span class='ocrx_word' id='word_1_190' title='bbox 181 3510 387 3586; x_wconf 89' lang='lat' dir='ltr'><strong>Horrisono</strong></span> <span class='ocrx_word' id='word_1_191' title='bbox 412 3513 551 3588; x_wconf 89' lang='lat' dir='ltr'><strong>bombo</strong></span> <span class='ocrx_word' id='word_1_192' title='bbox 576 3515 649 3587; x_wconf 90' lang='lat' dir='ltr'><strong>ruit</strong></span> <span class='ocrx_word' id='word_1_193' title='bbox 672 3514 769 3586; x_wconf 81' lang='lat' dir='ltr'><strong>inter</strong></span> <span class='ocrx_word' id='word_1_194' title='bbox 792 3514 940 3613; x_wconf 79' lang='lat' dir='ltr'><strong>fulgura</strong></span> <span class='ocrx_word' id='word_1_195' title='bbox 963 3513 1129 3586; x_wconf 77' lang='lat' dir='ltr'><strong>nimbuat</strong></span> 
     </span>
    </p>

    <p class='ocr_par' dir='ltr' id='par_1_13' title="bbox 181 3630 1314 3857">
     <span class='ocr_line' id='line_1_29' title="bbox 181 3630 1314 3736; baseline 0.008 -37"><span class='ocrx_word' id='word_1_196' title='bbox 181 3630 291 3703; x_wconf 83' lang='lat' dir='ltr'><strong>Haud</strong></span> <span class='ocrx_word' id='word_1_197' title='bbox 314 3633 421 3705; x_wconf 87' lang='lat' dir='ltr'><strong>aliter</strong></span> <span class='ocrx_word' id='word_1_198' title='bbox 446 3659 581 3708; x_wconf 81' lang='lat' dir='ltr'><strong>coecus</strong></span> <span class='ocrx_word' id='word_1_199' title='bbox 605 3633 731 3726; x_wconf 85' lang='lat' dir='ltr'><strong>furor,</strong></span> <span class='ocrx_word' id='word_1_200' title='bbox 759 3652 870 3734; x_wconf 84' lang='lat' dir='ltr'><strong>atque</strong></span> <span class='ocrx_word' id='word_1_201' title='bbox 894 3635 981 3708; x_wconf 90' lang='lat' dir='ltr'><strong>odia</strong></span> <span class='ocrx_word' id='word_1_202' title='bbox 1006 3657 1141 3736; x_wconf 86' lang='lat' dir='ltr'><strong>aspera</strong></span> <span class='ocrx_word' id='word_1_203' title='bbox 1163 3633 1314 3708; x_wconf 89' lang='lat' dir='ltr'><strong>tandem</strong></span> 
     </span>
     <span class='ocr_line' id='line_1_30' title="bbox 181 3751 1058 3857; baseline 0.006 -34"><span class='ocrx_word' id='word_1_204' title='bbox 181 3755 342 3826; x_wconf 83' lang='lat' dir='ltr'><strong>Evasere</strong></span> <span class='ocrx_word' id='word_1_205' title='bbox 366 3754 538 3849; x_wconf 73' lang='lat' dir='ltr'><strong>modum,</strong></span> <span class='ocrx_word' id='word_1_206' title='bbox 563 3751 726 3855; x_wconf 81' lang='lat' dir='ltr'><strong>bellique</strong></span> <span class='ocrx_word' id='word_1_207' title='bbox 745 3755 937 3830; x_wconf 87' lang='lat' dir='ltr'><strong>obstacula</strong></span> <span class='ocrx_word' id='word_1_208' title='bbox 950 3758 1058 3857; x_wconf 78' lang='lat' dir='ltr'><strong>,rupit</strong></span> 
     </span>
    </p>
   </div>
   <div class='ocr_carea' id='block_1_3' title="bbox 180 3895 598 3918">
    <p class='ocr_par' dir='ltr' id='par_1_14' title="bbox 180 3895 598 3918">
     <span class='ocr_line' id='line_1_31' title="bbox 180 3895 598 3918; baseline 0.005 -2"><span class='ocrx_word' id='word_1_209' title='bbox 180 3895 598 3918; x_wconf 50' lang='grc' dir='ltr'><strong>Μ</strong></span> 
     </span>
    </p>
   </div>
   <div class='ocr_carea' id='block_1_4' title="bbox 182 3983 836 4330">
    <p class='ocr_par' dir='ltr' id='par_1_15' title="bbox 182 3983 815 4052">
     <span class='ocr_line' id='line_1_32' title="bbox 182 3983 815 4052; baseline 0.011 -18"><span class='ocrx_word' id='word_1_210' title='bbox 182 3983 217 4034; x_wconf 78' lang='lat' dir='ltr'><strong>V.</strong></span> <span class='ocrx_word' id='word_1_211' title='bbox 236 3986 280 4038; x_wconf 79' lang='grc'><strong>16.</strong></span> <span class='ocrx_word' id='word_1_212' title='bbox 298 3986 370 4036; x_wconf 81' lang='lat' dir='ltr'><strong>Edit.</strong></span> <span class='ocrx_word' id='word_1_213' title='bbox 388 3989 487 4040; x_wconf 85' lang='lat' dir='ltr'><strong>venet.</strong></span> <span class='ocrx_word' id='word_1_214' title='bbox 505 4002 554 4052; x_wconf 81' lang='lat' dir='ltr'><strong>pro</strong></span> <span class='ocrx_word' id='word_1_215' title='bbox 573 3991 686 4041; x_wconf 82' lang='lat' dir='ltr'><strong>miser</strong></span> <span class='ocrx_word' id='word_1_216' title='bbox 701 3989 721 4038; x_wconf 89' lang='lat' dir='ltr'><strong>l.</strong></span> <span class='ocrx_word' id='word_1_217' title='bbox 741 3989 815 4041; x_wconf 83' lang='lat' dir='ltr'><strong>olim.</strong></span> 
     </span>
    </p>

    <p class='ocr_par' dir='ltr' id='par_1_16' title="bbox 182 4074 714 4136">
     <span class='ocr_line' id='line_1_33' title="bbox 182 4074 714 4136; baseline 0.011 -12"><span class='ocrx_word' id='word_1_218' title='bbox 182 4074 217 4124; x_wconf 85' lang='lat' dir='ltr'><strong>V.</strong></span> <span class='ocrx_word' id='word_1_219' title='bbox 239 4077 272 4132; x_wconf 77' lang='lat' dir='ltr'><strong>tt</strong></span> <span class='ocrx_word' id='word_1_220' title='bbox 290 4082 320 4127; x_wconf 85' lang='lat' dir='ltr'><strong>et</strong></span> <span class='ocrx_word' id='word_1_221' title='bbox 335 4080 379 4136; x_wconf 80' lang='grc'><strong>18.</strong></span> <span class='ocrx_word' id='word_1_222' title='bbox 399 4083 490 4132; x_wconf 82' lang='lat' dir='ltr'><strong>omisit</strong></span> <span class='ocrx_word' id='word_1_223' title='bbox 507 4083 577 4134; x_wconf 84' lang='lat' dir='ltr'><strong>Edit.</strong></span> <span class='ocrx_word' id='word_1_224' title='bbox 597 4083 714 4132; x_wconf 84' lang='lat' dir='ltr'><strong>Veneta.</strong></span> 
     </span>
    </p>

    <p class='ocr_par' dir='ltr' id='par_1_17' title="bbox 183 4165 820 4239">
     <span class='ocr_line' id='line_1_34' title="bbox 183 4165 820 4239; baseline 0.02 -25"><span class='ocrx_word' id='word_1_225' title='bbox 183 4165 218 4216; x_wconf 81' lang='lat' dir='ltr'><strong>v.</strong></span> <span class='ocrx_word' id='word_1_226' title='bbox 237 4169 280 4220; x_wconf 80' lang='lat' dir='ltr'><strong>tl.</strong></span> <span class='ocrx_word' id='word_1_227' title='bbox 299 4169 427 4222; x_wconf 81' lang='lat' dir='ltr'><strong>Pharii</strong></span> <span class='ocrx_word' id='word_1_228' title='bbox 445 4172 593 4236; x_wconf 77' lang='lat' dir='ltr'><strong>canopi.</strong></span> <span class='ocrx_word' id='word_1_229' title='bbox 613 4171 671 4224; x_wconf 76' lang='lat' dir='ltr'><strong>cfr.</strong></span> <span class='ocrx_word' id='word_1_230' title='bbox 689 4173 711 4239; x_wconf 94' lang='lat'><strong>1,</strong></span> <span class='ocrx_word' id='word_1_231' title='bbox 730 4176 756 4226; x_wconf 71' lang='lat'><strong>8.</strong></span> <span class='ocrx_word' id='word_1_232' title='bbox 775 4176 820 4226; x_wconf 77' lang='grc'><strong>68.</strong></span> 
     </span>
    </p>

    <p class='ocr_par' dir='ltr' id='par_1_18' title="bbox 182 4258 836 4330">
     <span class='ocr_line' id='line_1_35' title="bbox 182 4258 836 4330; baseline 0.008 -22"><span class='ocrx_word' id='word_1_233' title='bbox 182 4258 217 4308; x_wconf 85' lang='lat' dir='ltr'><strong>V.</strong></span> <span class='ocrx_word' id='word_1_234' title='bbox 237 4263 280 4314; x_wconf 71' lang='lat'><strong>82.</strong></span> <span class='ocrx_word' id='word_1_235' title='bbox 299 4263 480 4315; x_wconf 75' lang='lat' dir='ltr'><strong>Mareotin</strong></span> <span class='ocrx_word' id='word_1_236' title='bbox 497 4263 621 4314; x_wconf 80' lang='lat' dir='ltr'><strong>tellus.</strong></span> <span class='ocrx_word' id='word_1_237' title='bbox 658 4264 715 4318; x_wconf 79' lang='lat' dir='ltr'><strong>etr.</strong></span> <span class='ocrx_word' id='word_1_238' title='bbox 736 4265 770 4330; x_wconf 89' lang='lat' dir='ltr'><strong>ll,</strong></span> <span class='ocrx_word' id='word_1_239' title='bbox 794 4265 836 4316; x_wconf 80' lang='lat' dir='ltr'><strong>tt.</strong></span> 
     </span>
    </p>
   </div>
   <div class='ocr_carea' id='block_1_5' title="bbox 0 0 1500 4906">
    <p class='ocr_par' dir='ltr' id='par_1_19' title="bbox 0 0 1500 4906">
     <span class='ocr_line' id='line_1_36' title="bbox 0 0 1500 4906; baseline 0 0"><span class='ocrx_word' id='word_1_240' title='bbox 0 0 1500 4906; x_wconf 95' lang='lat' dir='ltr'><strong> </strong></span> 
     </span>
    </p>
   </div>
  </div>
 </body>
</html>
