2990 4906
569 285 813 356 LIBER
862 287 889 355 1.

142 485 283 557 Eventu
311 480 450 570 clausa,
476 480 663 583 incipiam.
713 482 795 554 lam
818 493 986 582 tempore
1010 481 1124 582 longo

144 604 245 678 Orba
270 629 336 676 suo
361 600 488 674 infelix
514 601 605 694 sole,
632 601 875 702 obscurisque
899 602 1031 676 relicta

135 727 182 794 ln
206 719 383 813 tenebris,
409 722 512 794 luctu
538 721 714 822 squalens
737 722 932 796 moerebat
956 721 1093 794 Idume.

140 847 220 916 blec
245 860 386 916 tantum
412 859 520 943 rapto
546 861 675 916 tenera
700 845 789 916 olim
815 869 954 944 sponsa
978 841 1111 917 marito
1280 861 1330 928 ¹35

139 964 315 1054 Indoluit,
340 989 411 1036 nee
436 982 492 1037 tot
516 965 713 1066 lacrymas,
738 982 795 1037 tot
819 961 955 1053 taedia,
981 962 1075 1036 tales
1282 955 1286 966 ’
1378 947 1382 952 ’

139 1085 294 1157 Pertulit
320 1109 431 1183 aegra
455 1111 591 1186 parens
616 1103 758 1178 noctes,
784 1085 844 1158 cui
873 1082 1004 1155 funere
1031 1081 1168 1157 acerbo

53 1261 60 1280 ,
140 1204 327 1306 Dilectum
352 1205 436 1276 ant'e
463 1204 555 1278 alios
580 1209 704 1306 rapuit
728 1231 829 1279 mors
854 1203 978 1276 invida
1002 1221 1148 1300 natum3

139 1326 221 1395 Nec
246 1323 355 1397 dolor
380 1342 437 1397 est
460 1324 568 1414 ullus,
594 1350 665 1396 neo
690 1340 813 1395 tantus
838 1321 945 1396 fletus
972 1341 1169 1415 amantum,

142 1445 244 1542 Quos
269 1443 400 1542 procul
419 1444 563 1516 avulsos
588 1461 706 1532 terra,
733 1460 796 1515 aut
820 1467 923 1514 mare
941 1461 1090 1543 separat
1112 1447 1261 1542 ingens:
1285 1451 1330 1538 4'0

143 1563 309 1662 Quantus
336 1581 425 1652 erat,
451 1565 543 1637 Dira
566 1568 760 1663 Pueroque
786 1562 1012 1653 absentibus,
1037 1563 1134 1638 inter

140 1682 346 1756 Nazaridas
372 1708 541 1756 moeror:
565 1685 735 1792 profuga!
751 1709 834 1756 cum
858 1683 1012 1783 Virgine
1040 1685 1178 1788 quippe

139 1801 251 1874 Visus
275 1802 379 1875 abire
405 1805 523 1878 omnis
540 1805 647 1896 risus,
675 1805 927 1903 decoratque
951 1806 1111 1904 juventa,

139 1921 220 1993 Nee
245 1922 387 1998 miserie
411 1926 577 2000 reditura
601 1951 764 2025 unquam
788 1941 867 1996 tam
892 1923 953 1996 dia
977 1926 1159 2026 voluptas.

213 2044 311 2118 Fons
338 2065 417 2120 erat
441 2049 481 2119 in
505 2047 634 2128 medio,
653 2046 754 2146 pagi,
780 2069 854 2142 quo
880 2069 993 2144 saepe
1019 2047 1165 2122 solebat
1284 2059 1330 2137 i5

139 2164 307 2238 Lotriccs
332 2167 429 2236 inter
453 2166 616 2263 reliquas
639 2165 889 2263 pulcherrima
912 2180 1072 2234 matrum

139 2282 361 2356 Panniculos
386 2288 494 2354 Pueri
519 2286 635 2356 vitreo
660 2299 835 2378 torquere
859 2277 1011 2372 fluento,

140 2401 226 2473 Mox
250 2402 367 2474 herba
390 2405 429 2474 in
454 2402 560 2476 viridi
584 2427 697 2504 puras
723 2399 933 2473 distendere
960 2402 1009 2474 ad
1031 2411 1153 2494 auras,

139 2525 221 2594 Huc
246 2525 354 2598 variis
381 2522 514 2624 plumis
539 2547 728 2621 nunquam
754 2537 863 2592 antea
886 2521 964 2594 visa
987 2523 1146 2597 volucris

139 2647 328 2743 Purpurea
355 2645 497 2718 cervice
523 2661 559 2716 et
582 2641 868 2716 versicoloribus
894 2629 961 2714 alis⁴
1283 2663 1329 2729 50

139 2766 306 2836 Venerat
330 2789 350 2836 e
377 2764 474 2854 Nilo,
499 2772 688 2864 parvoque
714 2780 924 2834 assueverat
949 2766 1069 2861 amni3

121 2884 428 2984 ‘Frondosaeque
454 2883 525 2956 sibi
549 2901 686 2955 tectum
712 2883 901 2980 delegerat
924 2883 1021 2955 inter

141 3006 272 3078 A‘e'rios
300 3031 423 3078 ramos
450 3021 487 3076 et
512 3029 654 3104 opacae
679 2999 896 3075 umbracula
920 3000 1008 3100 fagi.

141 3125 209 3198 Illa
233 3126 354 3225 igitur,
381 3124 525 3225 quoties
549 3124 710 3197 herboso
736 3124 774 3195 in
799 3121 965 3220 margine
987 3138 1123 3195 matres

142 3354 364 3408 v.³4.1durne
381 3358 443 3408 eive
461 3357 599 3424 Idumaea,
621 3357 698 3422 regio
717 3356 789 3406 inter
803 3355 985 3408 Palaestinam
994 3354 1198 3408 meridionalem
1215 3358 1244 3405 et
1259 3357 1331 3408 Ara-

247 3449 337 3512 tiam,
356 3449 420 3502 olim
444 3452 554 3498 eterra
575 3448 692 3498 israelis
719 3452 780 3498 erat
805 3449 935 3500 distincta
942 3484 952 3516 ‚
978 3451 1028 3500 sed
1052 3448 1161 3519 tandem
1183 3445 1260 3497 faeta
1287 3451 1331 3498 eet

246 3541 370 3591 Jrrdaeae
388 3550 452 3601 pars
470 3543 499 3589 et
515 3541 657 3602 provincia
675 3553 693 3591 a
710 3542 823 3592 Davlde
834 3542 948 3604 primum
965 3543 1089 3608 subacta,
1108 3540 1169 3598 post
1188 3549 1205 3586 a
1222 3538 1330 3588 Joanne

246 3631 375 3694 Hyrcano
403 3635 581 3693 recuperata:
609 3645 688 3694 quam
706 3634 740 3683 ob
758 3646 815 3682 rem
833 3633 925 3682 Idume
943 3646 991 3694 pro
1009 3634 1070 3696 ipsa
1086 3630 1240 3682 Palaestina
1255 3630 1330 3680 aeci-

246 3725 327 3786 pitnr.
363 3724 505 3790 Lightioot
522 3724 705 3788 chorograpi.
741 3725 835 3773 Marco
854 3726 994 3785 praemiss.
1014 3738 1038 3774 c.
1060 3727 1084 3776 1.

143 3814 177 3863 V.
187 3815 231 3866 ta.
251 3815 432 3866 Nazareth
459 3817 523 3865 urbs
549 3816 692 3866 Galilaeae
717 3814 856 3864 inferioris
882 3816 1025 3865 immnuta
1051 3816 1114 3865 sita.
1139 3814 1205 3862 Luc.
1232 3814 1260 3878 4,
1283 3813 1327 3864 2⁰.

247 3907 411 3972 Proiuga
434 3920 507 3957 cum
532 3907 694 3972 Virgine.
747 3908 842 3956 Mottlr.
871 3909 896 3972 2,
923 3909 955 3958 1³
980 3920 1056 3970 seqq.
1083 3906 1272 3969 Aegypta·
1300 3905 1328 3954 iu

247 3999 329 4046 rebus
342 3999 466 4048 adversis
473 3999 638 4050 ludaeorum
647 4001 707 4048 erat
717 3998 880 4064 coniugium.
893 3999 992 4048 (lenes.
1002 3999 1275 4064 te,e.1v.1trgg.2t‚
1285 3999 1328 4048 ie.

142 4089 178 4140 V.
197 4091 240 4141 49.
259 4090 334 4138 Edit.
353 4089 475 4139 Veneta:

247 4182 307 4229 iluc
323 4180 410 4229 variis
428 4181 514 4230 dives·
523 4181 620 4243 plumis
639 4183 784 4248 peregrine
801 4183 922 4234 valueris

142 4283 176 4332 V.
197 4283 241 4334 ei.
259 4282 368 4331 Nilus
396 4268 548 4348 (Νεῖλος)
575 4287 730 4335 notissimus
753 4285 872 4350 Aegypti
901 4283 1015 4348 iuvius,
1049 4283 1095 4348 qui
1119 4285 1147 4335 in
1163 4282 1328 4349 aegyptium

270 4387 345 4424 mare
362 4381 466 4437 septem
485 4376 563 4426 ostiis
579 4390 610 4426 ae
627 4381 767 4428 exonerat.
803 4377 954 4442 laven-1³,
963 4376 1006 4425 ta.

1058 4461 1121 4541 1*
