2990 4906
562 251 799 322 LIBER
847 253 875 324 1.

122 446 238 518 Multa
261 446 456 518 reluctanti
482 445 636 519 frondes
661 447 760 546 rapit
767 475 780 542 3
805 447 892 518 inde
919 449 1031 521 citato

123 570 210 667 Ipsa
233 566 334 662 prior
359 591 468 640 cursu
491 565 609 656 redit,
639 583 676 638 et
701 566 773 640 sihi
798 547 924 640 debita
946 569 1044 642 dona
1127 547 1153 628 ι’

124 689 166 756 ln
191 685 313 758 medio
338 703 446 758 coetu
473 686 669 776 exclamat,
698 689 890 786 sparsique
918 709 1089 764 recentes
1235 703 1305 780 455

123 805 302 904 Deplorat
325 805 488 879 maculas
512 807 589 879 rivi.
641 806 718 878 Sed
743 824 780 878 et
808 808 925 879 altera
948 809 1099 909 plorans

115 925 317 997 -Sublatum
341 925 478 1025 repetit
505 953 658 1018 ramum,
685 944 795 1026 atquc
820 927 1022 1001 humeralia
1047 931 1176 1026 scissa,

119 1048 168 1116 Et
192 1045 337 1116 laceras
364 1051 527 1144 queritur
550 1051 679 1123 vittas.
706 1064 816 1146 atque
842 1048 929 1122 hinc
954 1067 1062 1150 pater
1085 1054 1258 1184 Ammon,-

121 1164 212 1236 Inde
237 1181 431 1262 utramque
456 1167 575 1240 bonus
589 1167 704 1240 dictis
728 1191 966 1266 compescere
989 1171 1114 1248 Jonas.-

123 1286 220 1383 Quin
247 1300 284 1355 et
309 1284 484 1358 ridiculus
511 1287 632 1360 Nabal
658 1313 698 1359 se
724 1303 866 1384 gutture
890 1289 1020 1386 pingui
1234 1302 1305 1381 440

121 1403 273 1475 Arbiter
297 1405 337 1474 in
361 1406 484 1478 medio
511 1408 636 1480 statuit
643 1433 656 1501 3
684 1430 794 1504 quem
817 1404 976 1502 plurima
1000 1405 1155 1504 fantem,

124 1525 206 1622 Qua
225 1525 364 1624 peponi
389 1527 525 1625 agresti
544 1550 614 1625 par
635 1543 774 1599 struma
799 1544 1010 1600 excreverat
1034 1529 1177 1627 ingens,

121 1643 311 1755 Arpbabus
335 1647 503 1718 Damaris
527 1647 662 1744 repulit
685 1645 787 1718 facto
811 1647 948 1745 impete
973 1648 1117 1747 palmis.

119 1762 272 1834 Labitur
296 1764 357 1835 ille
380 1783 487 1865 putre
511 1766 550 1836 in
575 1784 743 1866 stagnum
767 1767 978 1866 resupinus,
1004 1786 1044 1840 ut
1066 1771 1148 1870 ipso

118 1883 283 1982 Margine
307 1888 522 1960 constiterat
546 1887 708 1963 lubrico..
741 1887 872 1958 Risere
897 1887 1103 1979 cadentem,
1233 1894 1305 1980 4451
1345 1927 1352 1942 ·

117 2005 197 2075 Nec
223 2029 305 2076 sesa
330 2008 447 2079 tenuit
469 2006 641 2096 Juditha,
667 2031 740 2078 nee
765 2006 900 2096 altera,
925 2031 1044 2080 coeno

117 2125 167 2196 Ut
187 2123 313 2197 videre
339 2143 420 2198 atro
447 2143 715 2224 emergentem,
743 2111 854 2220 quem
879 2127 997 2197 excita
1022 2127 1160 2198 circum

118 2243 390 2315 Turbacanum
403 2244 611 2339 insequitur
624 2241 860 2334 lutulentum,
883 2257 931 2329 et,
959 2265 1032 2338 qua
1044 2243 1155 2341 fugit,
1182 2261 1305 2341 anser,-

118 2366 241 2460 Atque
268 2378 396 2434 anates
423 2363 545 2434 raucis
571 2359 739 2460 quatiunt
762 2357 995 2456 clangoribus
1022 2361 1114 2439 alas.

116 2485 214 2555 Hinc
239 2483 389 2584 paulum
414 2483 524 2582 sopiti
547 2483 673 2580 ignes,
700 2496 737 2550 et
761 2478 915 2550 fractior
939 2480 1015 2557 irat
1231 2497 1325 2572 459,

115 2605 242 2676 Mitior
267 2603 353 2674 hinc
379 2603 509 2675 animis
534 2601 656 2689 furor,
680 2615 717 2670 et
740 2621 812 2697 pan
838 2598 973 2672 deinde
999 2619 1136 2676 secuta.

118 2722 333 2796 Concordes
359 2723 510 2821 junxere
535 2744 686 2809 manus,
714 2735 750 2790 et
774 2717 927 2792 foedere
949 2722 1049 2818 justo¹

115 2849 191 2916 Res
216 2844 268 2915 ita
293 2844 496 2942 composita
508 2895 520 2932 ,
540 2860 580 2913 ut
603 2840 730 2914 uictrix
755 2836 903 2912 Juditha
926 2841 1085 2914 referret

116 2964 303 3038 Praemia:
329 2961 397 3034 s'ed
420 2978 584 3035 moestae
609 2960 760 3032 Damari
776 2960 945 3058 promisit
967 2961 1006 3031 in
1032 2987 1157 3034 aurem

116 3083 295 3155 Debbora
317 3082 547 3181 partheniam
573 3079 805 3179 chlamydem
829 3077 962 3150 solatia
985 3081 1117 3154 victae⁴
1229 3091 1302 3171 454

215 3202 291 3276 Sed
315 3227 391 3274 non
415 3201 476 3274 hic
501 3200 593 3273 finis.
644 3203 706 3272 Lis
733 3201 848 3284 altera
873 3196 1008 3270 deinde
1033 3220 1172 3292 secuta,¹

114 3327 231 3421 Inque
255 3321 487 3422 repentinum
513 3321 636 3392 subito
659 3346 765 3394 versa
788 3320 912 3392 omnia
935 3319 1084 3400 luctum.

117 3442 277 3514 Stabant
299 3441 463 3512 intentae
488 3457 642 3529 matres,
669 3457 706 3512 et
730 3440 877 3540 virginis
903 3465 1051 3512 auream

6 3615 11 3636 .
118 3563 305 3635 Cervicem
328 3562 436 3634 textis
462 3561 645 3634 ornabant
669 3559 832 3633 floribus.
880 3559 949 3631 1114

115 3684 286 3781 Namque
312 3682 450 3755 acubus
474 3679 552 3755 fixis
578 3679 856 3788 accommodata
881 3680 996 3754 altera
1021 3680 1147 3753 subtus
1229 3691 1302 3766 4611

115 3935 151 3984 V.
171 3937 232 3986 445.
251 3935 323 3985 Edit.
342 3933 439 3984 Venet.
459 3948 508 3997 pro
527 3937 673 3988 lubrica
692 3937 711 3986 1.
729 3938 852 4000 propian-
928 3952 934 3964 ·

116 4049 151 4098 V.
171 4049 232 4099 418.
251 4059 326 4108 seqq.
346 4046 418 4097 uttt.
436 4049 557 4100 Veneta:

279 4138 394 4188 Stabant
408 4139 528 4194 lutentae
546 4146 662 4208 matres,
682 4145 711 4191 et
704 4135 842 4232 virginis
859 4155 914 4192 tuna

281 4229 390 4278 Circum
408 4241 500 4280 omnes
517 4235 591 4286 texto
611 4235 754 4298 cingebant
771 4239 894 4296 tempora
910 4234 988 4284 tore

281 4321 332 4372 ttta
350 4323 500 4372 actubus..
