2990 4906
121 221 198 328 ’.ὁ
570 237 818 308 ΜΒΕΒ
868 237 928 309 ut.

148 433 369 510 Deformare
393 427 750 533 scelus-quondam,
783 447 960 530 quantum
981 432 1096 535 impia
1117 433 1225 534 regni
1268 448 1339 518 175

149 555 313 633 Ambitio
337 556 458 656 potuit
481 554 638 656 soliique
662 553 795 628 inserta
817 551 974 654 cupido!
1118 543 1122 554 ’

149 681 340 751 Postremo
365 676 518 776 insignia
542 673 722 751 maculosi
744 669 904 775 pellibus
928 671 1038 775 hydri
1120 681 1124 688 “

112 784 115 808 κ’
151 795 377 898 Quadriiugo
402 797 432 870 it
456 807 565 870 curru
588 795 830 888 Dremelecb,
847 795 921 896 qui
944 794 1086 896 praelia
1108 791 1261 893 primus,
1365 797 1370 812 ’

152 919 297 1019 Quique
322 943 429 992 arcus
456 916 820 1020 Scythicosdoouit,
846 915 1087 1016 uolucresque
1113 908 1276 1016 sagittas.

151 1037 252 1110 Mille
277 1055 486 1138 repertores
509 1045 639 1112 ‘secum
661 1040 775 1114 trahit
797 1039 861 1112 ille
881 1055 1074 1129 nocentes,
1271 1053 1341 1122 180

154 1160 226 1260 Qui
249 1157 340 1230 ferri
361 1136 665 1252 infandosusus,
690 1161 765 1260 qui·
780 1159 864 1232 dira
885 1183 1040 1251 venena,
1167 1159 1172 1172 '

154 1279 225 1379 Qui
249 1295 373 1376 pestes
395 1278 620 1379 morbosque
646 1306 783 1376 novos,
809 1297 846 1352 et
870 1278 1051 1352 Thessala
1074 1277 1223 1378 philtra,

152 1401 275 1498 Atque
300 1397 373 1472 alia
395 1399 436 1470 in
459 1401 618 1501 populos
642 1400 798 1473 miseros
823 1400 972 1474 inuenta
993 1397 1111 1472 tulere
1212 1459 1215 1464 .

152 1518 292 1592 Noniae
320 1544 413 1618 quos
439 1522 605 1621 seqnitur
630 1520 839 1620 clauditque
865 1520 1083 1620 nigerrimus
1103 1542 1197 1591 unus

153 1639 304 1714 Vertice
328 1638 510 1731 demisso,
538 1641 602 1742 qui
626 1641 718 1714 seris
742 1641 891 1714 invehet
915 1641 1022 1712 annio
1182 1663 1188 1677 ⁸
1272 1651 1340 1721 185
1373 1651 1383 1677 i

154 1758 409 1835 Flammiferas
432 1759 599 1854 hoines,
624 1761 701 1859 jam
724 1785 824 1833 nunc
849 1785 976 1832 secum
999 1757 1063 1832 ille
1084 1757 1223 1832 volutat

156 1882 278 1958 Triste
302 1880 552 1982 magisterium
571 1880 744 1953 flammae
768 1879 987 1981 pondusque
1011 1879 1171 1975 carinas,

154 2003 367 2102 Aroanique
391 2001 486 2101 ignis
511 2027 587 2075 non
612 1999 781 2076 evitabile
805 1999 957 2074 fulmen.

158 2122 310 2223 Singula
334 2121 425 2221 quid
440 2119 671 2196 memorem?
697 2121 787 2223 quid
811 2119 1048 2195 formidabile
1071 2113 1261 2192 murmur?

158 2243 255 2345 Quid
279 2243 393 2316 rictus
414 2243 556 2334 varios,
583 2267 677 2343 quos
702 2241 802 2315 haud
825 2241 885 2314 fas
910 2237 1063 2314 dicere?
1089 2262 1247 2338 namque
1272 2249 1343 2321 190

157 2369 264 2464 Ipsae
290 2363 401 2435 etiarn
424 2359 601 2451 balistae,
638 2362 763 2453 ollae,
778 2362 958 2452 tentoria,
984 2361 1096 2456 carri,

159 2485 354 2583 Tympana
377 2497 485 2552 crant
509 2481 618 2580 stygii
644 2481 943 2554 cacodaemones
951 2508 964 2575 3
990 2503 1130 2580 oraque
1155 2495 1195 2550 et
1216 2477 1345 2578 igneos

158 2604 360 2678 Abstrusos
386 2600 514 2674 oculos
537 2603 608 2674 bac
632 2600 698 2674 illa
720 2596 760 2673 in
784 2618 890 2702 parte
916 2600 1105 2702 gerebant.

159 2723 220 2798 Ad
237 2740 406 2821 stagnum
431 2722 598 2796 obscuris
624 2721 741 2823 piceis
767 2738 920 2818 atraque
946 2746 1142 2821 cupresso,

158 2843 307 2917 Ilicibus
330 2858 475 2943 septum
492 2841 611 2942 nigris
635 2855 833 2941 postquam
856 2839 1020 2940 undique
1044 2840 1152 2914 turba
1275 2855 1345 2925 195

158 2963 285 3036 Litore
310 2963 526 3036 constiterat
551 2960 670 3060 (dictu
693 2957 879 3059 mirabile)
905 2961 1048 3061 signum

161 3085 366 3156 Taenariae
392 3084 560 3157 cecinere
586 3081 715 3156 tubaet
741 3100 817 3155 tum
837 3083 1008 3181 protinus
1034 3107 1163 3156 omnes
1254 3119 1257 3132 ·

162 3203 390 3305 Quadrigae,
413 3203 580 3304 pedites,
604 3202 767 3301 equites,
794 3220 988 3302 carpenta,
1014 3201 1159 3292 cameli,

162 3435 198 3487 V.
214 3437 274 3489 its.
290 3435 389 3486 Dran
398 3433 428 3483 ai
438 3446 453 3482 a
462 3434 501 3483 oh
516 3437 577 3496 (pro
590 3434 807 3496 Adrammelect)
823 3415 922 3486 ialsuui
933 3435 1110 3498 Assyriortnn
1122 3438 1150 3485 et
1161 3433 1349 3486 Samaritano·

265 3539 327 3578 rum
342 3537 451 3590 numen,
466 3523 495 3576 iu
506 3521 584 3588 cujus
600 3529 727 3578 honorem
742 3529 850 3580 incolae
866 3527 1042 3590 septrarvaim
1061 3527 1191 3591 patritios
1211 3519 1275 3578 suos
1290 3526 1347 3592 igni

269 3618 471 3670 comburebant.
486 3615 528 3666 ct.
546 3619 633 3683 Regg.
649 3623 693 3686 17,
708 3623 750 3672 31.

161 3711 197 3764 V.
211 3713 271 3764 179.
295 3711 460 3776 Scythae,
479 3710 594 3772 populus
613 3713 649 3762 ad
671 3713 785 3763 Pontum
805 3711 949 3780 Euxinum,
970 3711 1076 3778 egregii
1100 3715 1180 3764 erant
1200 3709 1348 3778 sagittarii.

269 3803 447 3868 Pitinate.

77 3893 81 3906 ⁶
164 3895 267 3948 vm.
287 3895 460 3946 Thessali
490 3897 630 3946 venaliciis
651 3900 678 3946 et
697 3896 925 3949 iuuentutionibus
950 3897 1067 3948 infames
1089 3896 1218 3965 fuerunt,
1240 3894 1350 3960 praeci-

268 4001 321 4049 puo
340 3989 468 4040 feminae.
490 3990 586 4040 titini
607 3993 633 4058 i,
652 3991 679 4053 4,
697 3994 739 4042 55.
777 3991 845 4040 Ptin.
863 3993 906 4055 ³0,
931 3991 956 4055 1,
979 3991 1004 4041 2.

165 4078 200 4130 V.
218 4081 278 4131 tte.
296 4081 367 4131 Edit.
383 4082 482 4133 venet.
498 4093 548 4143 pro
566 4079 667 4132 uictu
690 4082 855 4133 mirabile
878 4079 962 4147 legit:
983 4082 1080 4134 tumuli
1094 4083 1127 4134 de
1149 4081 1265 4132 runica.

167 4170 203 4223 V.
212 4172 261 4224 198
273 4171 345 4222 inter
356 4172 435 4223 Μ.
454 4173 504 4224 199
518 4172 592 4222 Edit.
605 4173 704 4224 venet.
718 4170 873 4238 interjecit:

272 4265 342 4323 Quot
353 4275 406 4313 non
419 4269 545 4314 vastator
562 4265 664 4314 'totilas
672 4299 681 4331 ,
703 4278 757 4316 non
770 4266 856 4316 Attila
869 4280 973 4336 secum,

270 4355 325 4404 Aut
337 4354 513 4406 Tamatlanea
527 4357 592 4408 oiim
606 4363 788 4427 convexerat,
807 4360 897 4412 omnia
976 4383 979 4390 ·
