2990 4906
164 241 212 308 50
591 222 922 293 LIBERll.

163 423 251 494 Non
274 417 480 493 intellectas
504 417 613 492 labiis
640 433 794 490 conatur
817 417 1002 516 utrisque,

164 545 214 615 Et
238 555 387 640 gnatam
412 539 484 639 (sic
508 538 573 610 illa
596 543 722 636 necat)
748 537 939 638 complexa
962 537 1104 639 fatigat.

163 664 223 734 En
244 661 365 733 Beroe
371 712 384 750 ,
412 684 462 732 en
485 659 635 733 veniens
664 683 685 730 e
708 658 953 734 torcularibus
977 660 1093 753 Abra,

164 781 287 852 Musta
311 780 475 854 recentia
498 797 653 880 utraque
678 803 790 851 manu
814 782 1014 857 laetissime
1038 799 1204 884 portans,
1279 791 1351 862 220

165 899 233 972 cui
257 926 350 1000 puer
373 899 461 974 hinc
486 904 666 992 Ammon,
691 903 778 976 hine
803 905 936 976 Ruben
960 905 1120 978 vestibus
1144 905 1311 977 haerent.

122 1049 124 1056 ·
164 1021 252 1092 Mer
275 1018 427 1093 Debere
450 1047 607 1095 ascensu
627 1022 726 1098 subit
749 1024 946 1123 improvisa
968 1001 1134 1124 repente,

166 1141 313 1242 Ingenti
338 1141 500 1215 elamore
526 1167 637 1215 ruens
662 1145 701 1215 in
727 1147 844 1237 cella,
868 1145 1016 1218 lacertis

165 1261 315 1361 injectis
339 1263 497 1336 haerens
517 1286 593 1335 nen
619 1264 861 1339 extricabilisz
887 1268 970 1368 ipsa

167 1381 368 1456 Candidior
392 1382 474 1456 nive
499 1382 602 1456 Cissa
626 1383 766 1462 latrans
790 1389 955 1462 formosa
981 1387 1115 1462 catella
1279 1399 1349 1468 225

165 1504 346 1604 Agnoscit
368 1504 563 1596 reducem,
589 1522 626 1578 et
641 1506 790 1584 circum
814 1508 914 1581 mille
938 1509 1103 1611 implicat
1128 1508 1251 1599 orbes,

164 1628 213 1698 Et
236 1642 355 1699 restes
381 1625 537 1728 scalpit,
563 1624 792 1727 genibusque
818 1631 997 1703 audacula
1020 1648 1153 1733 reptat.

164 1747 288 1846 thue
303 1749 462 1820 animam
475 1744 627 1818 Debere
646 1750 858 1849 assumpsit:
883 1751 1006 1841 Mella,
1031 1750 1163 1850 inquit,
1189 1749 1226 1821 in
1241 1750 1350 1822 horte

167 1867 415 1968 (Attraritque
441 1892 568 1938 euram
591 1885 671 1940 tete
697 1893 763 1940 ere
789 1886 826 1940 et
849 1887 1001 1970 pectere
1027 1873 1177 1972 anhela)

111 2039 115 2050 ι
164 1989 296 2080 Mella,
321 1989 493 2088 inquam,
520 1989 662 2062 e'ceris
689 1988 776 2060 dum
801 1991 937 2090 selige,
956 1991 1111 2062 nuncius
1136 1992 1238 2065 Helis
1279 2001 1349 2071 250

164 2111 219 2182 Te
248 2110 442 2184 advenisse
461 2110 564 2202 tulit,
589 2136 673 2185 mea
696 2111 777 2205 lu13
803 2112 875 2184 huc
902 2113 1068 2213 protinus
1095 2137 1222 2186 amens

163 2230 329 2326 Adrele;
356 2232 423 2304 sed
447 2232 520 2307 fari
544 2235 600 2307 vix
621 2257 792 2334 pessum,
818 2258 978 2332 namque
1004 2235 1149 2306 cucurri

163 2345 403 2452 Praepetibus
429 2355 564 2443 cervis,
591 2371 628 2424 et
650 2352 812 2423 fulminis
838 2352 943 2424 ocior
967 2354 1047 2431 alis.

72 2535 84 2546 .
163 2471 214 2542 Ut
237 2469 388 2542 tandem
416 2472 637 2572 amplecter!
665 2471 768 2568 Quae
792 2496 894 2559 sors,
922 2471 1133 2546 dulcissima
1157 2499 1291 2562 rerum,

166 2591 269 2690 Quae
286 2591 460 2664 reducem
470 2591 591 2664 fausta
603 2605 693 2664 au'ra
705 2586 814 2661 tulit?
837 2616 923 2661 nam
931 2593 1051 2690 patria
1067 2619 1254 2693 nunquam
1279 2606 1348 2675 235

167 2711 316 2812 Oppida
338 2711 513 2803 visuram,
540 2727 577 2783 et
600 2736 752 2811 prorsus
778 2727 937 2782 mutasse
964 2713 1136 2814 Canope,

166 2830 250 2928 (Me
271 2832 480 2934 miserarn!)
508 2833 578 2906 hes
604 2857 712 2930 agros
739 2849 776 2902 et
799 2845 898 2902 tecta
924 2832 1075 2930 antiqua
1097 2853 1278 2936 putarem.

163 2953 215 3024 Ut
232 2971 268 3028 te
295 2953 495 3027 versicolor
519 2952 628 3040 decet
651 2952 744 3024 haec
770 2951 952 3051 Aegyptia
975 2953 1093 3053 palla!

163 3073 320 3146 Hiccine
344 3074 522 3174 Niligenis
549 3073 666 3148 cultus
696 3072 917 3171 habitusque
942 3071 1104 3172 puellis?

167 3196 222 3270 ΤΘ
248 3195 359 3269 sinite
384 3197 456 3268 huc
481 3195 593 3296 paule
618 3194 834 3296 propiorem
858 3193 897 3262 in
922 3193 1004 3264 luce
1029 3193 1156 3270 videri.
1279 3202 1348 3279 2d0

163 3317 266 3389 Haec
291 3318 388 3389 inter
413 3315 528 3388 festus
555 3314 719 3387 sublatus
747 3313 887 3385 clamer
913 3311 963 3383 ad
987 3338 1108 3402 auras,

165 3437 367 3537 illatasque
392 3437 513 3526 faces,
540 3453 577 3508 et
600 3435 661 3506 lux
685 3433 769 3505 face
794 3433 983 3533 pulchrior
1009 3433 1145 3505 omni:-

165 3559 335 3658 Namque
362 3558 489 3630 aderet
512 3556 668 3656 pulcher
693 3555 800 3626 lesus
826 3551 1006 3626 Samuelis
1030 3553 1069 3624 in
1094 3554 1202 3643 ulnis,

165 3681 287 3776 Atque
311 3704 385 3749 una
408 3678 606 3776 longaevus
633 3678 768 3762 Ames,‘
793 3690 829 3746 et
852 3673 987 3747 vertice
1013 3674 1143 3772 glabre

164 3798 394 3892 Nathaneel3
421 3816 561 3890 veteres
586 3798 725 3897 loseph
745 3823 838 3895 ques
863 3797 959 3866 inter
984 3795 1122 3866 amices
1278 3799 1348 3876 tls

166 3919 198 3989 lt
222 3918 440 4012 lacrimans3
466 3919 635 4017 interque
661 3943 789 3988 manus
816 3915 1083 4015 pulcherrimus
1101 3914 1228 3986 Infans

170 4035 316 4127 Stabat,
342 4058 381 4111 ut
404 4041 443 4109 in
467 4039 597 4110 mediis
624 4037 764 4112 nivibus
790 4052 988 4108 resanata
1013 4035 1202 4108 decembri

167 4185 276 4197 —-

167 4226 273 4276 V.2³ss.
287 4226 453 4286 Canopus.
471 4227 493 4288 1,
513 4229 556 4277 68.

169 4317 204 4365 V.
224 4315 284 4367 2³9.
303 4313 492 4379 Niligenis.
513 4317 556 4365 Cf.
573 4317 596 4380 l,
614 4320 657 4368 st.
