2960 4908
535 253 774 341 1111111
822 265 917 338 1111.
1283 269 1351 345 att

166 475 238 545 Per
264 469 400 542 densos
425 464 569 538 ululans
596 480 742 554 coetus,
767 459 947 562 pertula,
977 484 1046 559 per
1070 460 1195 532 hastas

166 596 459 687 Praeteritosque
483 588 599 662 virum
624 581 812 682 chalybes.
866 579 942 652 Sed
965 581 1111 653 victima
1135 581 1237 680 virgo
1309 593 1313 600 '

168 714 313 782 Interea
331 708 495 810 jugulum
520 707 638 780 cultro
664 703 796 793 dabat,
822 719 860 774 et
879 700 959 773 fluit
982 717 1061 772 ater

166 835 238 902 Per
261 829 423 930 gladium
448 854 575 918 cruor,
602 843 713 924 atque
738 824 915 897 imbutam
934 820 1111 920 sauguine
1135 838 1273 920 terram

167 953 242 1024 Ore
253 949 550 1025 caneslambnnt.
600 948 706 1018 Tunc
721 967 826 1017 mens
844 967 992 1042 quoquc
1008 941 1154 1015 reddita
1174 943 1255 1017 fidis
1281 957 1351 1026 210

165 1070 379 1170 Virginibus
406 1069 538 1142 sociist
563 1067 676 1142 flavos
703 1065 915 1164 discerpere
940 1063 1074 1153 crinea

166 1194 214 1263 Et
237 1215 365 1263 roseas
390 1190 531 1260 laniare
557 1214 691 1288 genast
716 1184 921 1288 ploratibus
948 1181 1075 1255 aether

165 1311 427 1408 Lamentisque
453 1309 576 1381 forum
601 1325 709 1382 sonat
733 1331 854 1381 omne.
903 1304 1003 1374 Heu!
1027 1301 1175 1375 territus
1203 1329 1328 1379 amens
1369 1382 1371 1394 ,

166 1433 262 1502 Ante
288 1455 415 1502 omnes
441 1455 619 1528 sponsus,
647 1419 706 1502 cui
732 1453 844 1501 caesa
858 1423 1063 1496 miserrima
1087 1443 1202 1525 nupta

165 1553 263 1622 Ante
288 1576 372 1638 ora,
398 1551 486 1621 heu!
517 1549 667 1623 demens
692 1549 797 1621 furiis
822 1531 1040 1619 immanibus
1068 1561 1183 1636 actua,
1283 1559 1353 1630 215

164 1672 309 1770 Perque
333 1695 444 1741 ruens
473 1669 636 1759 medios,
659 1670 798 1740 lanium
823 1666 952 1741 stricto
977 1689 1066 1736 enee
1091 1684 1282 1739 cruentum

166 1792 242 1862 Ter
267 1807 419 1863 conatus
442 1788 567 1879 adire,
593 1789 707 1862 sacris
733 1788 790 1862 bis
814 1806 946 1890 terque
969 1785 1151 1886 repulsus,

165 1911 422 2010 Nequicquam
447 1925 485 1980 et
506 1908 660 2006 genibus
685 1909 827 1996 nitens,
854 1885 1065 2000 aditumque
1090 1923 1290 1996 retentans,

165 2030 319 2102 Devovit
344 2026 525 2098 Samarim
550 2025 660 2112 diris,
687 2047 896 2121 numenque
920 2022 1122 2096 nefandum
1168 2019 1170 2024 ⁴

166 2147 326 2219 Horrida
351 2143 580 2237 vociferans3
602 2140 728 2213 Tellus
755 2141 974 2233 Samaraea,
1002 2142 1164 2234 dehisce,
1281 2127 1352 2226 920

168 2266 452 2364 sacrilegosque
473 2262 571 2334 viros
596 2260 755 2334 absorbe
782 2277 894 2360 atque
918 2262 1030 2365 impia
1051 2280 1151 2337 tecta
1380 2257 1385 2260 ⁸

167 2387 303 2483 Meque
329 2409 458 2482 super3
486 2382 684 2454 manifesta
704 2380 817 2454 Erebi
841 2408 1001 2482 namque
1028 2385 1151 2456 omina
1177 2409 1304 2480 cerno,

169 2508 305 2603 Teque
319 2507 399 2576 Deo
425 2502 587 2603 genitum
609 2501 795 2597 mentiris,
820 2503 981 2602 perlida,
998 2531 1125 2578 coeco

168 2629 223 2696 Ex
249 2624 348 2697 Oreo
373 2625 555 2723 impostor
578 2623 743 2696 veniens.
796 2622 902 2694 Juvat
926 2624 980 2695 ire
1003 2625 1072 2696 sub
1095 2626 1257 2716 umbras,

169 2747 426 2841 Incestamque
452 2743 548 2814 diem
571 2743 699 2843 fugere
723 2743 1003 2843 execrandaque
1028 2769 1146 2819 sacra.
1284 2759 1353 2828 225

169 2862 231 2934 Sic
258 2866 328 2952 ait,
355 2878 392 2933 et
416 2861 553 2934 ferrum
580 2889 795 2937 conversum
819 2863 1023 2938 inviscera
1054 2866 1189 2965 adegit,

169 2983 354 3080 Sanguine
381 2982 473 3053 dans
494 2983 598 3079 largo
623 2983 743 3055 vitam.
794 2980 888 3052 Huic
917 3008 1042 3054 comes
1067 2984 1192 3055 addita
1214 3011 1355 3075 socrus,

170 3103 271 3200 Quae
298 3102 376 3171 sine
404 3099 474 3169 fine
502 3099 614 3170 dabat
637 3101 791 3199 gemitus
798 3152 810 3190 ,
835 3100 1028 3202 complexa
1051 3123 1241 3176 cruentum

168 3223 287 3292 Natae
312 3219 470 3293 infelicis
497 3245 640 3319 corpus,
693 3223 771 3292 Nec
797 3222 916 3294 secius
942 3246 1069 3293 amens
1131 3307 1137 3338 J

168 3341 415 3438 Lymphatum
439 3339 566 3439 vulgus
592 3341 790 3431 bacchari,
818 3358 854 3412 et
879 3368 969 3415 voce
996 3345 1093 3416 ciere
1275 3360 1354 3428 '230

169 3463 244 3548 Te,
270 3459 403 3547 Satan,
431 3461 658 3560 comitesque
683 3478 766 3534 tuos
792 3488 992 3561 manesque
1018 3464 1247 3541 tremendos:

169 3581 223 3651 Te
250 3579 356 3650 coelo
384 3579 566 3652 immerito
595 3605 804 3670 excussum,
830 3599 887 3671 te,
913 3585 1056 3656 Numen
1084 3587 1251 3685 Olympit

167 3701 223 3768 Te
248 3698 365 3771 solum
390 3700 495 3770 thure
520 3716 558 3772 et
582 3702 727 3802 templis
753 3720 863 3800 atque
889 3704 1037 3777 aethere
1063 3690 1225 3805 dignum.

169 3905 204 3957 V.
225 3909 284 3958 8⁰7.
303 3908 374 3959 Elin.
393 3909 490 3961 venet.
510 3923 560 3973 pro
577 3913 642 3962 sad
659 3911 808 3961 victima
824 3911 844 3960 l.
862 3916 892 3962 at
907 3912 1018 3976 pallida.

169 3995 204 4047 V.
224 3999 284 4048 att.
304 3997 376 4048 Edit.
394 4001 491 4052 venet.
510 4017 560 4066 pro
577 4003 783 4067 ploratibus
800 4007 924 4056 aether
940 4005 959 4055 1.
979 4007 1126 4057 exterritus
1145 4021 1246 4064 amous.

168 4087 204 4137 V.
223 4090 274 4138 21³
294 4089 322 4138 iu
338 4090 409 4141 Edit.
429 4094 526 4144 venat.
545 4108 599 4146 non
615 4095 761 4146 InvenItur.

170 4175 205 4226 V.
225 4179 285 4229 tte.
303 4181 477 4233 Samarim.
496 4185 570 4249 VIII,
588 4190 632 4239 at.

168 4266 203 4317 V.
222 4270 273 4322 829
291 4271 319 4321 in
336 4272 407 4322 Edit.
427 4274 524 4325 Venet.
543 4279 679 4340 sequItnr:

377 4365 527 4418 Taenariae
555 4370 590 4418 nd
602 4369 697 4422 11111111
713 4369 791 4420 nubta
810 4369 899 4421 ferale
914 4371 1036 4422 rubentia

1057 4464 1148 4543 10*
