2990 4906
560 215 817 292 *LIBER
864 214 892 290 l.

151 412 346 510 Tantisper
374 410 516 509 liquido
541 410 654 484 verba
676 412 836 490 irrorare
858 409 980 508 lyaeo·
1011 449 1014 458 ’
1255 509 1259 516 1

156 532 223 622 Sic,
245 532 314 620 ait,
342 533 589 631 oppositoque
612 557 737 636 mero,
769 549 809 604 ut
834 547 924 629 gens
945 529 1071 629 prisca
1096 527 1254 618 solebat,
1289 572 1306 614 ·.

154 655 319 754 Implevit
342 670 529 752 pateram,
556 653 800 751 manibusque
825 652 995 748 utrinque
1020 650 1246 750 prehensam

154 774 281 874 (Quod
306 773 413 862 felix,
440 775 548 863 socii,
573 774 808 870 faustumque
833 773 881 850 sit.
903 770 1092 870 omnibus)
1118 771 1252 860 hausit,

150 896 287 992 Bisque
313 873 509 991 interrupit
534 895 687 968 sinceris
713 891 882 971 laudibus
908 893 1089 982 haustum,
1234 967 1237 972 Δ
1264 906 1341 974 ι200

151 1017 378 1112 Inversaque
402 1040 513 1086 manu
536 1014 710 1103 barbam„
738 1031 858 1111 atque,
874 1038 941 1092 ora
962 1011 1109 1111 hispida
1134 1013 1270 1092 torsit:

154 1135 340 1234 Adjecere
368 1135 507 1208 animos
534 1162 679 1210 rursum
689 1146 706 1227 3¹
728 1136 782 1214 sic
806 1134 869 1206 ille'
894 1151 1074 1216 secutus.‘

149 1257 251 1325 Ecce
277 1239 409 1342 antem,
434 1271 634 1352 postquam
659 1254 718 1330 bis
743 1254 852 1330 tertia
876 1252 1031 1329 fulserat
1054 1257 1142 1343 Eos,
1204 1302 1206 1310 ι
1318 1281 1320 1288 ·

151 1377 272 1462 Ecce,
294 1376 465 1472 inquam,
492 1375 643 1452 lessaea
669 1377 831 1461 Parens,
857 1371 1048 1470 complexa
1071 1373 1236 1470 puellum

152 1495 333 1564 Intortum
354 1493 508 1591 pannis,
534 1492 683 1568 deserta
699 1475 774 1592 per
799 1493 879 1568 avia
902 1507 1055 1591 parvum
1270 1505 1340 1575 205

152 1616 265 1688 Ferre
291 1612 483 1692 videbator
507 1629 635 1685 tenera
658 1615 757 1690 inter
782 1613 936 1692 brachia
961 1611 1089 1687 solem.

151 1734 351 1833 Bisgemini
380 1730 569 1804 anteibant
592 1734 761 1829 juvenes,
789 1754 901 1836 atque
926 1734 1020 1816 alter
1047 1734 1147 1804 eunti
1223 1753 1227 1760 ·

154 1853 285 1952 Signat
308 1855 396 1942 iter,
423 1875 653 1951 prensasque
678 1883 789 1930 manu
813 1859 908 1956 regit
933 1856 1027 1928 alter
1052 1854 1229 1931 habenas·

149 1976 284 2048 Aestus
310 1991 412 2063 erat,
437 1973 634 2072 medioque
661 1975 739 2048 dies
760 1977 936 2053 altissima
963 1976 1136 2074 Olympo,

148 2098 196 2166 Et
220 2095 339 2168 lassus
365 2093 490 2166 senior
517 2094 654 2190 conjux
679 2096 867 2195 deponere
893 2099 933 2166 in
957 2096 1074 2165 herba
1186 2089 1187 2094 ’
1272 2107 1342 2174 210

150 2213 375 2286 Jamdudum
400 2211 555 2308 optabat
580 2213 721 2284 fessum
745 2217 860 2301 latus,
888 2237 999 2308 aeger
1025 2210 1190 2299 anhelus,

149 2338 274 2431 Atque
301 2329 417 2403 oculis
445 2328 583 2402 circum
607 2329 807 2421 lustrabat,
835 2329 953 2404 sicubi
979 2331 1089 2421 rivus,

150 2455 225 2524 Aut
247 2476 403 2549 usquam
428 2466 526 2522 tecta
550 2448 626 2521 ulla
650 2451 796 2541 forent,
823 2477 907 2528 cum
930 2453 1068 2526 rustice
1098 2450 1196 2532 forte

150 2573 245 2644 Filia
269 2573 443 2644 messoris
469 2571 618 2649 veniens
645 2598 666 2644 e
691 2599 776 2644 rure
801 2571 926 2671 puella
994 2617 997 2626 ·

150 2690 538 2782 Monstravitfontem‚
565 2692 1244 2794 etpropefontemumbraeuladensae
1270 2708 1340 2777 215

150 2812 306 2884 Arboris
334 2813 444 2909 (haec
473 2832 552 2887 erat
576 2815 641 2886 illa
665 2814 788 2904 arbor,
817 2829 928 2914 qua'm
948 2813 1119 2913 diximus)
1149 2833 1259 2914 atque
1281 2817 1342 2888 hic

152 2934 365 3006 Sarcinulas
389 2937 514 3035 posuit
538 2954 663 3035 pater,
689 2953 800 3033 atque
825 2961 845 3006 e
870 2937 1035 3034 margine
1061 2960 1180 3034 prona
1264 2994 1267 3002 .

153 3055 304 3127 Cervice
330 3057 451 3129 bausit
474 3083 608 3154 aquam
634 3055 792 3154 gelidam
801 3083 814 3148 3
841 3073 878 3127 et
893 3067 978 3152 ‘qua
1001 3054 1127 3152 purior
1153 3054 1279 3156 algens

152 3176 330 3248 Manabat
357 3177 485 3251 similis
510 3179 603 3250 vitro
629 3176 890 3274 liquidissimus
917 3176 1045 3266 amnis,

153 3299 355 3396 Fagineam
378 3297 541 3397 implevit
566 3298 763 3387 scutulam,
789 3298 967 3394 uxorique
995 3295 1142 3369 sedenti
1271 3307 1340 3378 220

155 3416 381 3516 Optantique
406 3416 510 3510 tulit5
538 3435 735 3490 consuetos
764 3417 906 3492 scilicet
928 3419 1093 3506 haustus,

154 3539 264 3636 Queis
292 3565 403 3612 exosa
425 3565 566 3610 merum
591 3539 729 3612 teneris
758 3541 916 3611 assuerit
940 3539 988 3610 ab
1015 3537 1134 3610 annis·

150 3659 297 3732 Interea
321 3659 411 3733 fessi
438 3659 523 3730 dum
548 3659 631 3758 puri
657 3657 704 3730 ad
729 3685 915 3730 murmura
938 3658 1053 3732 fontis

151 3844 188 3898 V.
207 3849 266 3898 196.
286 3849 403 3910 Lyaeus.
424 3849 471 3898 Vl.
491 3851 534 3900 at.

151 3935 186 3986 V.
206 3939 266 3988 2⁰4.
285 3939 302 3986 J
309 3951 434 3991 essaea
451 3942 600 3991 Potens.
636 3939 716 3990 Jesse
735 3943 853 4010 (tessal,
872 3941 945 4000 Jsat)
964 3942 1047 4004 pater
1062 3938 1185 3990 navidis.
1221 3939 1243 3990 1.
1267 3942 1340 3992 αΙιιι.

292 4031 380 4095 16,1.
401 4033 572 4084 1111111111
599 4033 660 4084 erat
688 4047 704 4084 e
728 4034 835 4088 familia
852 4035 951 4086 David.
987 4032 1082 4082 Mattlr.
1111 4032 1138 4098 1,
1166 4034 1192 4084 1.
1218 4036 1245 4086 6.
1272 4034 1340 4085 Luc.

293 4123 308 4170 3
340 4123 382 4171 tt.
1143 4119 1147 4140 '

151 4208 187 4259 V.
206 4212 266 4261 2⁰9.
287 4154 469 4276 olympus.
505 4215 615 4267 1v.92.

151 4303 187 4353 V.
206 4303 267 4356 211.
285 4305 405 4370 Aeger
422 4317 463 4356 an
474 4306 583 4357 telus.
619 4307 692 4365 Edit.
710 4307 809 4361 venet.
826 4306 922 4373 legit:
941 4317 1080 4373 aegroque
1098 4310 1227 4365 menbra.
