2990 4906
594 205 835 296 cirne
877 223 910 292 -1.

173 426 429 525 Longaevique
455 447 565 496 cenes
590 421 766 510 aderant,
793 418 1037 518 confertaque
1060 417 1182 517 pubes

174 549 332 620 Plurima
338 573 351 640 3
364 567 519 645 sperque
543 567 673 615 manus
699 542 777 614 ibat
799 539 970 614 mirabile
995 556 1154 631 textum,

173 670 438 764 Rimanturque
454 688 558 763 opus,
585 679 696 761 atque
712 661 813 735 aditu
830 661 1067 762 speculantur
1084 660 1133 734 eb
1155 661 1268 752 omni,
1293 667 1363 748 140

171 793 218 861 Et
243 789 344 861 varia
367 787 406 857 in
431 784 513 856 luce
539 783 754 873 observant,
782 801 819 856 et
847 800 981 856 cuncta
1005 779 1145 854 tuendo

169 907 320 1008 Expleri
344 923 533 1004 nequeunt
557 905 676 998 oculi:
702 922 813 1004 atque
840 928 888 975 an
911 901 1071 1004 pinxerit
1094 901 1178 1002 ipsu

76 1067 80 1074 ·
170 1032 290 1102 Mater
315 1052 385 1098 acu
407 1027 472 1100 illa
494 1027 659 1100 Arabum
683 1027 796 1120 folia,
823 1043 934 1125 atquc
958 1023 1022 1096 ubi
1047 1021 1109 1094 lila
1132 1039 1282 1124 reperta

171 1151 266 1220 Tam
290 1147 409 1236 varia,
440 1166 476 1221 et
498 1148 596 1222 virus
622 1148 726 1222 color
750 1148 814 1220 illc
841 1174 889 1219 an
913 1145 984 1219 flos
1007 1146 1201 1237 amaranti,

171 1271 232 1340 An
259 1267 395 1355 cerasi,
422 1294 469 1340 an
496 1269 578 1340 citri
585 1297 598 1363 3
625 1293 736 1367 super
763 1267 889 1339 omnia
914 1289 1045 1338 cereus
1071 1264 1148 1357 ille,
1295 1273 1363 1352 145

173 1390 293 1487 Quem
317 1388 435 1460 roseis
459 1387 596 1477 labris,
623 1387 734 1487 quem
748 1385 892 1458 reddat
917 1386 1076 1486 pupulus
1101 1411 1180 1476 cre,

172 1509 235 1582 Lis
262 1525 360 1597 erat,
387 1525 425 1580 et
448 1509 603 1608 strepitu
627 1508 728 1582 vario
753 1507 937 1579 sententia
962 1507 1119 1600 discors,

172 1629 445 1726 Vectoremquc
471 1628 628 1718 adeunt,
654 1628 960 1728 importunaeque
985 1628 1182 1720 lacessunt,

169 1747 383 1820 Passerihus
409 1749 567 1840 similes,
592 1750 732 1849 ingenti
756 1773 942 1822 murmure
968 1775 1052 1822 cum
1077 1775 1118 1824 se

168 1868 353 1968 Veprihus
368 1885 480 1969 atquc
494 1870 613 1944 ebulis
634 1871 773 1945 aestivo
795 1896 950 1972 vespere
965 1870 1140 1944 condunt.
1196 1899 1203 1922 ⁸
1293 1883 1363 1950 150

168 1991 271 2062 Haec
296 1992 392 2062 inter
417 1991 530 2064 Jonas
555 1991 733 2062 narrabat
756 1993 851 2062 mira
876 2017 1043 2064 seorsum

167 2112 386 2210 longaevae
410 2111 587 2182 Thamari
612 2128 724 2206 atque
748 2111 849 2182 aliiss
876 2109 1011 2181 Audite
1035 2109 1195 2210 puellae,

168 2231 246 2304 Vos
274 2253 443 2328 quoque,
469 2229 521 2298 ait
546 2227 708 2323 Zelphe3
737 2245 775 2295 ct
799 2225 1018 2296 muliebrem
1041 2251 1134 2297 voce
1159 2251 1346 2300 susurrum

76 2417 78 2422 ,
168 2350 357 2447 Increpuit
381 2349 486 2420 Jesse
511 2343 607 2417 ruris
632 2361 751 2442 peter.
800 2344 928 2444 Incipe
954 2369 1107 2444 quaese,

169 2469 294 2568 Inquit
317 2468 438 2557 Abra,
463 2464 655 2538 historiam
670 2491 815 2536 rursum
829 2467 945 2539 mirae
972 2467 1138 2558 arboris,
1164 2468 1263 2541 unde
1292 2483 1361 2551 155

169 2591 353 2688 Penniger
376 2587 439 2659 ille
465 2567 546 2658 ater
572 2583 769 2684 depulsus3
789 2587 992 2686 penniger,
1019 2589 1183 2688 inquam,

169 2710 236 2782 lllc
261 2710 380 2781 latens
405 2706 518 2778 ramis
536 2722 640 2777 vetus
665 2705 803 2778 incola.
852 2707 916 2780 Sic
940 2709 1011 2798 ait,
1039 2725 1150 2808 atquc

170 2830 328 2902 Sedibus
353 2830 392 2900 in
415 2827 557 2926 junceis
583 2843 719 2898 matres
746 2826 917 2926 arcisque
943 2829 1095 2927 salignis

169 2949 380 3024 Consedere
406 2948 489 3037 alii,
515 2948 679 3046 fecitque
706 2947 852 3018 silentia
874 2933 1020 3020 rursum

169 3069 402 3144 Bethsahaea
433 3094 565 3140 manu:
587 3085 665 3138 tum
690 3067 744 3139 sic
769 3068 888 3140 bonus
915 3068 1072 3140 institor.
1098 3069 1235 3160 Arbor,
1288 3081 1356 3148 160

170 3192 368 3282 Dicebam,
395 3207 451 3262 cst
475 3190 605 3287 ingens
630 3213 749 3288 prope
776 3188 995 3287 Memphim,
1021 3188 1166 3287 ipsique
1193 3215 1342 3280 coaeve,

170 3313 220 3386 Ut
244 3311 461 3413 perhibent,
487 3308 587 3397 orbi,
620 3310 732 3407 inque
758 3333 866 3382 curas
893 3307 1068 3380 altissima
1093 3310 1172 3383 visu

172 3433 347 3507 Tollitur:
372 3431 570 3508 immanem
593 3446 763 3501 truncum
787 3430 846 3502 rix
870 3429 1023 3500 brachia
1049 3431 1189 3504 circum

171 3556 291 3625 Ducta
317 3571 454 3652 queant
477 3551 602 3625 nhvics
627 3552 747 3648 passis
774 3549 1019 3649 complectier
1043 3551 1151 3628 ulnis.

171 3675 265 3745 Huic
293 3676 448 3745 horrens
474 3674 594 3743 inerat
618 3668 737 3758 bubo,
765 3688 1021 3770 agrestemque
1046 3673 1200 3772 putabat
1288 3685 1358 3752 165

172 3884 206 3934 V.
227 3886 288 3936 152.
308 3885 378 3935 Edit.
398 3886 496 3934 venet.
516 3885 604 3936 cddlt:
624 3885 706 3943 utque
726 3884 792 3932 crdo
811 3882 919 3932 ferebat

379 3975 414 4024 Et
430 3975 643 4038 rerumreries,
663 3973 698 4020 ed
718 3984 812 4021 casum
831 3973 903 4024 forte
920 3975 1041 4025 volucris
1177 4041 1180 4050 ,

380 4066 517 4132 Venerat,
537 4067 689 4117 ebstmsam
708 4068 804 4113 trunco
824 4076 903 4126 quem
921 4067 974 4117 rite
993 4066 1120 4116 colebant

382 4157 530 4207 flilvicolae
548 4155 683 4222 Aegypt13
703 4156 832 4217 priorique
850 4158 984 4207 adventus
1002 4158 1115 4208 eandem

382 4249 484 4313 Egcrut
502 4249 537 4297 td
553 4249 659 4313 stygios
678 4247 796 4298 umbras.
827 4249 926 4298 Audite
944 4247 1062 4315 puellae,

381 4339 438 4389 Vos
457 4351 576 4402 quoque.
586 4374 611 4389 ..
