2960 4908
121 223 195 306 aot
531 213 771 314 mann
819 214 882 288 vt.

218 412 314 482 Turn
338 407 413 484 late
438 389 625 484 Ausoniae
648 427 776 509 gentes
803 409 989 504 discordia
1013 410 1166 490 demens
1261 431 1307 500 35

122 531 219 603 Hinc
245 547 356 630 atquc
379 530 466 605 hinc
492 525 588 605 odiis
612 529 652 602 in
676 546 801 603 mutua
824 531 904 605 fata
929 531 1062 605 ciebat.
1101 522 1103 526 ⁸
1202 521 1203 526 ἵ

121 649 241 724 Causa
264 651 353 724 mali
378 650 545 749 geminae
569 649 746 750 perplexa
770 650 818 722 ab
844 653 985 752 origine
1010 671 1148 754 partes,

122 769 234 869 Qneis
259 769 404 844 bicolor
427 795 565 844 nomen
589 770 713 843 fatalis
738 788 881 844 tessera
903 773 993 845 belli
1001 803 1014 868 3

120 887 230 962 Unde
255 888 418 989 bipertiti
443 891 551 975 cives,
579 907 689 989 atque
715 893 838 991 asperi
871 911 1048 992 agrestes,
1236 959 1241 966 .

121 1011 169 1081 Et
193 1010 323 1111 populi
347 1008 482 1082 infensi
507 1011 665 1110 populis,
693 1029 804 1111 etque
827 1013 979 1085 urbibus
1003 1013 1125 1086 urbes.
1261 1025 1307 1102 [ιο

122 1129 221 1229 Quid
243 1119 410 1230 repetam
435 1156 562 1204 sacras
589 1148 679 1229 quot
702 1157 814 1232 passa
838 1134 1011 1204 Hetruria
1036 1131 1190 1206 clades?

120 1250 221 1347 'Quot
244 1250 376 1349 procul
401 1267 565 1324 extorres
591 1251 644 1324 vis
670 1253 786 1350 egerit
810 1252 923 1352 impia
949 1251 1075 1326 cives?

118 1373 204 1470 lpse
228 1346 341 1443 miser
364 1387 466 1445 vates
491 1370 740 1470 nequicquam
765 1371 846 1444 dira
876 1374 1034 1446 minatus

120 1489 239 1562 Eritis
265 1508 302 1563 et
324 1517 479 1591 poenas,
504 1516 595 1590 quas
621 1492 702 1565 imis
728 1517 846 1592 nuper
872 1491 1013 1565 avernis

121 1608 297 1706 Viderat5
322 1611 449 1683 infelix
471 1611 599 1712 patriis
627 1637 647 1682 c
672 1609 804 1714 finibus
831 1612 912 1684 exul

119 1729 262 1802 Dicitur
288 1731 490 1804 excoluisse
521 1757 660 1829 agrum,
686 1730 857 1828 curisque
882 1730 1049 1802 leuamen

119 1851 295 1932 Vinctum
318 1850 518 1942 instituisse
546 1849 664 1922 domis
690 1849 873 1947 vitemque
899 1851 999 1923 beati

118 1970 236 2070 Elysii
260 1969 408 2060 furtum,
435 1971 528 2042 mira
551 1969 756 2069 propagine
783 1968 958 2060 adultam,

118 2090 301 2162 Paulatim
323 2091 496 2184 Hetrusci
520 2114 672 2189 campos
699 2113 825 2162 serere
850 2115 918 2189 per
943 2112 1091 2164 omnes:

118 2211 410 2309 Tyrrhenasque
435 2209 556 2283 urbes·
573 2235 717 2281 sacrum
745 2233 957 2308 expressere
982 2209 1175 2308 liquorem,
1265 2225 1311 2290 50

116 2330 326 2419 Pistorium,
349 2319 483 2419 senae,
508 2328 749 2427 Alpheosque
775 2329 823 2400 ab
850 2329 991 2427 origine
1016 2332 1133 2402 Pisae.

119 2535 155 2589 v.
174 2539 217 2590 85.
235 2537 401 2605 Ausonia
418 2540 467 2601 (ab
480 2542 600 2618 Apsone,
619 2536 728 2601 Ulyssis
741 2537 811 2596 lilio)
830 2537 895 2589 olint
910 2551 960 2600 pro
970 2542 1049 2600 parte
1065 2539 1162 2590 ltaliae
1173 2539 1312 2592 maritima

242 2629 316 2680 inter
334 2629 563 2682 Terracinam
586 2632 615 2696 et
636 2626 814 2696 cajetam,
841 2631 937 2682 deinde
957 2641 1006 2694 pro
1028 2634 1087 2683 tota
1107 2631 1188 2682 ltalia
1211 2633 1309 2694 posita.

241 2717 320 2783 virg.
339 2721 407 2772 Aen.
427 2723 470 2787 it),
489 2725 533 2772 til.

117 2808 155 2875 qv·
173 2811 216 2864 87.
237 2808 409 2862 Geminae
427 2813 550 2872 partes
568 2811 588 2860 i.
607 2824 632 2874 e.
651 2811 737 2862 Albi
755 2813 783 2862 et
799 2809 916 2874 Nigri.
940 2811 1058 2863 Familia
1078 2811 1310 2865 Cancellieri

240 2901 353 2970 Platorii
365 2896 511 2967 (Pistojae)
521 2902 550 2952 in
564 2901 631 2952 duas
643 2896 780 2965 disjuncta
791 2904 852 2951 erat
865 2901 1010 2966 factiones,
1028 2915 1140 2966 quarum
1150 2906 1238 2954 altera
1243 2905 1311 2968 Nig-
1339 2957 1344 2967 .

240 3006 344 3060 rorum,
362 2995 452 3048 altera
466 2995 596 3060 Aliorum
611 3007 709 3046 nomen
722 2995 775 3046 sibi
788 2995 943 3054 assumpsit.
978 2995 1081 3046 Eodem
1093 2999 1213 3057 tempore
1229 3008 1310 3058 quum

240 3084 398 3148 Florentiae
415 3088 619 3150 potentissimae
630 3086 795 3137 Gercltorum
809 3089 837 3134 et
854 3086 1141 3148 Donatorumicerclri
1151 3092 1181 3152 et
1197 3088 1310 3146 Donati)

240 3179 339 3241 gentes
353 3179 425 3231 iuter
435 3191 466 3228 se
483 3181 678 3245 obtrectarent,
697 3177 760 3231 Albi
775 3190 836 3226 cum
850 3177 961 3228 Cercitis
980 3184 1007 3228 et
1017 3181 1096 3246 Nigri
1121 3191 1180 3228 cum
1196 3180 1310 3228 Donatis

240 3278 273 3318 se
285 3263 492 3336 conjunxerunt,
510 3281 563 3334 quo
589 3268 693 3318 iactum
719 3270 771 3333 est,
795 3272 826 3316 ut
847 3268 920 3320 bella
939 3271 1096 3321 tristissima
1111 3272 1257 3336 orirentur,
1283 3273 1311 3320 et

240 3357 378 3422 Dentes
397 3357 492 3424 (1³02)
510 3359 633 3426 inexilio
645 3359 742 3413 virere
757 3363 910 3426 cogeretur.
948 3359 1006 3413 Cir.
1016 3364 1086 3418 Dino
1100 3362 1249 3428 conpagni
1264 3374 1308 3424 ap.

239 3450 372 3501 liiurator.
410 3452 439 3504 Τ.
463 3453 512 3504 tx.

117 3542 153 3594 V.
171 3543 215 3594 ta.
234 3541 306 3591 Edit.
325 3541 424 3594 Venet.
439 3554 488 3604 pro
508 3542 617 3593 miser
632 3542 652 3594 l.
671 3543 763 3593 etiam.

118 3631 154 3699 Y.
173 3634 217 3685 ts.
235 3632 695 3686 Ed.Venethisverssauctaest:

194 3767 203 3778 .
275 3725 364 3787 Elysii
374 3725 476 3776 furtum
491 3727 613 3778 crevisse
625 3727 767 3789 penatibus
781 3721 868 3795 ajunt,

234 3839 241 3844 ·
274 3818 450 3870 Praetextata
459 3816 554 3883 muris,
572 3829 652 3879 qnam
659 3818 721 3867 dein
730 3820 903 3871 volventibus
917 3821 994 3882 annis

276 3908 486 3974 Diffuaamlate‚
510 3912 537 3958 et
548 3909 617 3960 mira
635 3911 784 3973 propagine
803 3912 923 3961 adtrltam

118 4001 153 4062 Υ.
177 4004 220 4056 to.
239 4001 449 4063 tyrrhenus
466 4001 484 4051 i.
504 4006 529 4062 (1.
550 4001 652 4050 Tuscus
669 4002 729 4051 sive
746 4002 886 4065 Etruscus.
907 4002 956 4072 Vl,
982 4005 1007 4057 i.

23 4145 26 4155 ,
118 4094 153 4160 y.
174 4093 217 4145 si.
237 4093 334 4144 Omisit
347 4094 398 4148 Ed.
418 4092 515 4144 Venet.

240 4182 439 4234 Platorium
460 4179 593 4248 [Pistojal
609 4185 638 4234 et
654 4183 748 4234 Sena
765 4184 874 4244 (siena)
892 4185 975 4236 urbes
987 4185 1123 4240 Etruriae.

239 4273 323 4324 Pisa
347 4276 412 4324 urbs
441 4275 569 4325 Etruriae
596 4277 632 4327 ad
649 4278 752 4328 Arnum
778 4276 890 4327 fluvium
917 4277 1026 4329 condita
1052 4289 1070 4330 a
1091 4277 1198 4328 civibus
1219 4277 1310 4345 Pisae,

239 4364 418 4425 Peloponnesi
430 4368 498 4417 urbe
512 4367 548 4418 ari
564 4366 697 4429 Alpheum
710 4368 831 4418 nuvium.
