2990 4906
29 4331 56 4373 ,ς

181 178 229 248 20
613 119 930 250 LIBERl.

179 366 303 464 Atque
329 389 415 438 suos
440 363 598 440 miserae
623 373 731 444 matri
756 373 962 448 subducere
987 375 1129 468 foetus,
1291 398 1376 470 515

181 486 282 583 Quos
307 485 371 558 illa
396 487 541 561 instruit
566 488 615 561 ad
638 511 788 590 cantus3
816 521 902 568 nam
928 496 1061 570 deiude
1087 498 1215 572 solutis

177 604 235 681 Illi
259 608 371 680 etiam
395 607 549 706 linguis,
576 628 688 683 cantu
711 639 865 686 nemora
887 616 967 690 avia
991 617 1192 695 mulcent.“

177 730 270 820 Huc,
298 728 360 818 ait,
386 743 424 798 ct
447 728 578 826 positis
603 732 702 804 saxis
726 735 906 808 accedere
931 762 1057 811 coram

175 848 427 949 Improbulos,
454 873 647 950 coenoque
671 879 799 928 manus
827 855 1038 956 abstergere
1063 859 1170 954 jussit
1175 889 1188 956 3

174 968 380 1069 Eduxitque
408 967 490 1040 sinu
515 970 585 1042 tria
609 975 775 1071 persica,
802 971 839 1048 et
864 977 991 1050 oscula
1015 979 1085 1049 rite
1290 993 1367 1062 520

175 1091 288 1159 Ferre
312 1088 414 1188 prius
440 1089 608 1163 manibus
633 1091 787 1190 docuit3
812 1097 1044 1196 primumque
1069 1098 1250 1189 Manassi,

173 1212 269 1280 'I'um
293 1210 494 1299 Jonathae,
519 1210 720 1313 Phineique
747 1215 868 1289 dedit:
895 1217 981 1290 dein
1000 1218 1077 1318 jam
1101 1219 1283 1318 fugientes

172 1331 346 1429 Acceptis
371 1329 500 1420 donis,
528 1332 682 1431 cupidos
707 1335 925 1426 ostendere,
951 1365 1096 1410 rursum

171 1449 231 1520 Ad
256 1475 338 1522 sese
363 1472 533 1542 revocat,
557 1453 833 1555 prohibensque
859 1482 904 1530 ea
928 1457 1076 1532 laedere
1102 1484 1239 1548 morsu,

169 1573 283 1642 Ferre
305 1571 447 1644 intacta
469 1574 592 1672 jubete
618 1574 760 1649 Vestris
774 1577 825 1648 'et
848 1579 1046 1669 matribus,
1071 1580 1202 1676 inquit,
1287 1589 1357 1658 525

169 1689 300 1764 Siros
326 1690 424 1764 forte
449 1712 601 1792 rogent,
628 1694 745 1766 Maria
770 1695 863 1766 haec
885 1697 1028 1770 Jesseia
1051 1699 1173 1789 uobis,

165 1811 309 1905 Dicite,
336 1811 437 1885 dona
460 1814 582 1910 dedit3
609 1814 779 1914 gravibus
803 1815 878 1913 jam
900 1815 1019 1887 libera
1044 1817 1142 1888 curis

163 1932 246 2004 Huc
271 1932 434 2005 reditura
459 1934 572 2009 brevi.
626 1938 808 2008 Memorcs
834 1936 907 2008 hoc
933 1935 1067 2008 deinde
1092 1953 1235 2008 tenete:

164 2053 286 2124 Dicite
311 2053 497 2128 Juditham
521 2057 610 2130 mihi
633 2072 797 2146 servent,
824 2082 936 2154 quam
961 2082 1063 2129 meus
1089 2055 1215 2130 Infans

162 2171 252 2246 Vult
278 2175 389 2247 castis
414 2176 583 2250 thalamis
608 2177 684 2275 jam.
707 2202 806 2249 nunc
832 2176 902 2249 sibi
927 2177 1066 2250 nubere
1091 2176 1210 2250 Jesus.
1282 2190 1351 2258 550

160 2293 352 2367 Audistis?
377 2295 525 2367 Juditha
549 2322 633 2369 meo
659 2297 844 2395 desponsa
868 2298 995 2369 Puellc
1022 2314 1096 2370 estr

160 2415 234 2487 Hic
258 2439 379 2503 meus,
405 2416 520 2502 banc,
546 2414 716 2512 inquam,
756 2413 827 2484 sibi
851 2433 1003 2512 nuptam
1029 2416 1190 2486 destinat
1211 2413 1348 2488 Infans.

163 2529 228 2606 Sic
252 2534 383 2622 instat,
410 2557 621 2630 nomenque
644 2533 797 2622 iterum,
822 2549 858 2603 et
883 2533 1058 2606 mandata
1081 2534 1258 2632 reposcit,

158 2654 210 2725 Ut
234 2678 416 2726 memores
442 2668 607 2741 servent,
631 2651 863 2751 recitentque
888 2651 1044 2725 fideliter
1070 2653 1213 2748 omnia5

158 2777 207 2844 Et
230 2772 377 2872 plaesas
403 2796 535 2860 voces,
563 2796 780 2871 semesaque
807 2772 906 2844 dicta
927 2773 1116 2845 reformat.
1277 2789 1343 2857 555

157 2894 353 2991 Tantaque
380 2887 595 2992 simplicitas
622 2909 721 2982 erat,
749 2909 790 2963 ut
813 2893 889 2991 jam
914 2892 1014 2964 serre
1040 2892 1236 2966 docentem

155 3013 376 3113 Praecupidi
400 3011 500 3084 haud
524 3029 695 3112 possent:
723 3015 775 3083 Ite
801 3012 923 3102 ocius,
948 3015 1018 3104 ite,
1043 3014 1168 3112 puelli.

156 3133 270 3208 Ocius
296 3133 445 3233 exiguos
470 3159 539 3232 per
565 3133 664 3206 culta
689 3133 844 3206 virentia
869 3154 1015 3231 gressus

153 3252 380 3324 Accelerant
405 3253 513 3343 lueti3
539 3253 670 3350 procul
697 3269 732 3323 et
757 3253 978 3326 clamoribus
1004 3251 1086 3324 altis

152 3374 595 3446 Donamauuostentant:
620 3369 1233 3472 Mariahaecpulcherrimadonat:
1271 3380 1336 3456 550

152 3495 405 3590 Mirantesque
432 3493 569 3563 adeunt
593 3509 747 3578 matreS,
773 3495 995 3590 gremiisque
1018 3507 1222 3591 reponunt,

150 3615 361 3686 EtMarinm
375 3612 572 3712 quandam,
589 3612 764 3684 haudsibi
775 3630 911 3701 notam,
929 3610 1185 3710 haccpulchra
1194 3609 1335 3684 dedisse

151 3737 318 3808 Munera.
345 3731 446 3804 Ubi?
473 3732 619 3832 qualis?
646 3730 856 3832 quaenam?
881 3749 989 3830 rogat
1014 3729 1175 3828 undique
1202 3731 1334 3802 circum

149 3857 269 3950 Anxia
293 3854 412 3926 turha.
454 3853 511 3923 Illi
536 3871 653 3926 vestes
680 3852 892 3925 describere
919 3869 956 3922 et
982 3875 1059 3939 ora,

151 4113 185 4165 V.
204 4113 266 4165 515.
284 4111 354 4160 Edit.
374 4110 498 4158 Veneta:

289 4204 377 4262 Atque
395 4213 459 4250 suos
478 4201 558 4249 matri
576 4211 625 4262 per
641 4195 697 4245 vim
715 4195 866 4245 subducere
885 4195 983 4246 tcetm.
1093 4225 1096 4230 ·

149 4296 181 4343 V.
203 4295 263 4344 ³26.
282 4292 435 4343 tesseia.
455 4291 476 4356 l,
496 4293 556 4343 204.
