<?xml version="1.0" encoding="UTF-8"?>
<!DOCTYPE html PUBLIC "-//W3C//DTD XHTML 1.0 Transitional//EN"
    "http://www.w3.org/TR/xhtml1/DTD/xhtml1-transitional.dtd">
<html xmlns="http://www.w3.org/1999/xhtml" xml:lang="en" lang="en">
 <head>
  <title>
</title>
<meta http-equiv="Content-Type" content="text/html;charset=utf-8" />
  <meta name='ocr-system' content='tesseract 3.04.00' />
  <meta name='ocr-capabilities' content='ocr_page ocr_carea ocr_par ocr_line ocrx_word'/>
</head>
<body>
  <div class='ocr_page' id='page_1' title='image "./jesuspuerpoema00gratgoog_0083.png"; bbox 0 0 2990 4906; ppageno 0'>
   <div class='ocr_carea' id='block_1_1' title="bbox 196 208 956 316">
    <p class='ocr_par' dir='ltr' id='par_1_1' title="bbox 196 208 956 316">
     <span class='ocr_line' id='line_1_1' title="bbox 196 208 956 316; baseline 0.004 -18"><span class='ocrx_word' id='word_1_1' title='bbox 196 208 265 316; x_wconf 63' lang='lat'><strong>52,</strong></span> <span class='ocrx_word' id='word_1_2' title='bbox 612 228 852 305; x_wconf 78' lang='lat' dir='ltr'><strong>crasa</strong></span> <span class='ocrx_word' id='word_1_3' title='bbox 895 229 956 302; x_wconf 88' lang='lat'><strong>111.</strong></span> 
     </span>
    </p>
   </div>
   <div class='ocr_carea' id='block_1_2' title="bbox 174 421 1374 3165">
    <p class='ocr_par' dir='ltr' id='par_1_2' title="bbox 194 421 1111 504">
     <span class='ocr_line' id='line_1_2' title="bbox 194 421 1111 504; baseline -0.007 0"><span class='ocrx_word' id='word_1_4' title='bbox 194 429 378 504; x_wconf 78' lang='lat' dir='ltr'><strong>Conversa</strong></span> <span class='ocrx_word' id='word_1_5' title='bbox 399 426 439 500; x_wconf 91' lang='lat' dir='ltr'><strong>in</strong></span> <span class='ocrx_word' id='word_1_6' title='bbox 466 424 588 498; x_wconf 85' lang='lat' dir='ltr'><strong>socios</strong></span> <span class='ocrx_word' id='word_1_7' title='bbox 613 449 658 498; x_wconf 90' lang='lat' dir='ltr'><strong>ao</strong></span> <span class='ocrx_word' id='word_1_8' title='bbox 678 423 827 498; x_wconf 86' lang='lat' dir='ltr'><strong>&#39;demum</strong></span> <span class='ocrx_word' id='word_1_9' title='bbox 851 421 1003 499; x_wconf 85' lang='lat' dir='ltr'><strong>foedere</strong></span> <span class='ocrx_word' id='word_1_10' title='bbox 1030 422 1111 498; x_wconf 87' lang='lat' dir='ltr'><strong>diro</strong></span> 
     </span>
    </p>

    <p class='ocr_par' dir='ltr' id='par_1_3' title="bbox 193 543 1051 646">
     <span class='ocr_line' id='line_1_3' title="bbox 193 543 1051 646; baseline -0.005 -24"><span class='ocrx_word' id='word_1_11' title='bbox 193 549 336 623; x_wconf 43' lang='lat' dir='ltr'><strong>Omnia.</strong></span> <span class='ocrx_word' id='word_1_12' title='bbox 351 545 563 646; x_wconf 87' lang='lat' dir='ltr'><strong>compositis</strong></span> <span class='ocrx_word' id='word_1_13' title='bbox 585 545 702 618; x_wconf 89' lang='lat' dir='ltr'><strong>turbis</strong></span> <span class='ocrx_word' id='word_1_14' title='bbox 728 543 857 617; x_wconf 87' lang='lat' dir='ltr'><strong>sedata</strong></span> <span class='ocrx_word' id='word_1_15' title='bbox 881 544 1051 644; x_wconf 79' lang='lat' dir='ltr'><strong>quierint.</strong></span> 
     </span>
    </p>

    <p class='ocr_par' dir='ltr' id='par_1_4' title="bbox 187 658 1374 1127">
     <span class='ocr_line' id='line_1_4' title="bbox 192 658 1215 774; baseline -0.002 -36"><span class='ocrx_word' id='word_1_16' title='bbox 192 757 198 774; x_wconf 42' lang='grc' dir='ltr'>Ι</span> <span class='ocrx_word' id='word_1_17' title='bbox 287 669 369 740; x_wconf 89' lang='lat' dir='ltr'><strong>Mos</strong></span> <span class='ocrx_word' id='word_1_18' title='bbox 395 683 469 755; x_wconf 90' lang='lat' dir='ltr'><strong>est,</strong></span> <span class='ocrx_word' id='word_1_19' title='bbox 492 663 670 765; x_wconf 84' lang='lat' dir='ltr'><strong>igniferas</strong></span> <span class='ocrx_word' id='word_1_20' title='bbox 695 664 839 763; x_wconf 87' lang='lat' dir='ltr'><strong>quoties</strong></span> <span class='ocrx_word' id='word_1_21' title='bbox 863 658 902 734; x_wconf 88' lang='lat' dir='ltr'><strong>in</strong></span> <span class='ocrx_word' id='word_1_22' title='bbox 927 663 1026 738; x_wconf 88' lang='lat' dir='ltr'><strong>bella</strong></span> <span class='ocrx_word' id='word_1_23' title='bbox 1050 681 1215 737; x_wconf 84' lang='lat' dir='ltr'><strong>catervas</strong></span> 
     </span>
     <span class='ocr_line' id='line_1_5' title="bbox 190 785 1374 878; baseline -0.008 -16"><span class='ocrx_word' id='word_1_24' title='bbox 190 789 360 862; x_wconf 81' lang='lat' dir='ltr'><strong>Tartarei</strong></span> <span class='ocrx_word' id='word_1_25' title='bbox 384 787 541 860; x_wconf 81' lang='lat' dir='ltr'>eduxere</span> <span class='ocrx_word' id='word_1_26' title='bbox 566 785 700 878; x_wconf 84' lang='lat' dir='ltr'><strong>duces,</strong></span> <span class='ocrx_word' id='word_1_27' title='bbox 726 811 792 859; x_wconf 85' lang='lat' dir='ltr'><strong>seu</strong></span> <span class='ocrx_word' id='word_1_28' title='bbox 816 785 923 859; x_wconf 88' lang='lat' dir='ltr'><strong>litore</strong></span> <span class='ocrx_word' id='word_1_29' title='bbox 947 801 1089 856; x_wconf 86' lang='lat' dir='ltr'><strong>turmae</strong></span> <span class='ocrx_word' id='word_1_30' title='bbox 1300 800 1374 866; x_wconf 82' lang='grc'><strong>550</strong></span> 
     </span>
     <span class='ocr_line' id='line_1_6' title="bbox 191 902 1351 1005; baseline -0.004 -23"><span class='ocrx_word' id='word_1_31' title='bbox 191 907 446 998; x_wconf 88' lang='lat' dir='ltr'><strong>Constiterint,</strong></span> <span class='ocrx_word' id='word_1_32' title='bbox 472 933 538 992; x_wconf 79' lang='lat' dir='ltr'><strong>seu</strong></span> <span class='ocrx_word' id='word_1_33' title='bbox 563 906 717 980; x_wconf 84' lang='lat' dir='ltr'>desertis</span> <span class='ocrx_word' id='word_1_34' title='bbox 740 906 780 978; x_wconf 90' lang='lat' dir='ltr'><strong>in</strong></span> <span class='ocrx_word' id='word_1_35' title='bbox 803 904 988 979; x_wconf 84' lang='lat' dir='ltr'><strong>montibus</strong></span> <span class='ocrx_word' id='word_1_36' title='bbox 1013 903 1131 1005; x_wconf 84' lang='lat' dir='ltr'><strong>aspris</strong></span> <span class='ocrx_word' id='word_1_37' title='bbox 1348 902 1351 911; x_wconf 81' lang='grc'>’</span> 
     </span>
     <span class='ocr_line' id='line_1_7' title="bbox 187 1026 1105 1127; baseline -0.004 -25"><span class='ocrx_word' id='word_1_38' title='bbox 187 1032 326 1109; x_wconf 88' lang='lat' dir='ltr'><strong>Noctes</strong></span> <span class='ocrx_word' id='word_1_39' title='bbox 352 1045 461 1127; x_wconf 91' lang='lat' dir='ltr'><strong>atque</strong></span> <span class='ocrx_word' id='word_1_40' title='bbox 488 1026 565 1102; x_wconf 88' lang='lat' dir='ltr'><strong>dies</strong></span> <span class='ocrx_word' id='word_1_41' title='bbox 592 1052 763 1101; x_wconf 85' lang='lat' dir='ltr'><strong>exercere</strong></span> <span class='ocrx_word' id='word_1_42' title='bbox 788 1027 936 1126; x_wconf 84' lang='lat' dir='ltr'><strong>agmina</strong></span> <span class='ocrx_word' id='word_1_43' title='bbox 961 1051 1105 1126; x_wconf 90' lang='lat' dir='ltr'><strong>campo,</strong></span> 
     </span>
    </p>

    <p class='ocr_par' dir='ltr' id='par_1_5' title="bbox 185 1133 1368 1607">
     <span class='ocr_line' id='line_1_8' title="bbox 186 1133 1310 1248; baseline -0.007 -25"><span class='ocrx_word' id='word_1_44' title='bbox 186 1153 268 1223; x_wconf 89' lang='lat' dir='ltr'><strong>Neo</strong></span> <span class='ocrx_word' id='word_1_45' title='bbox 292 1149 479 1236; x_wconf 85' lang='lat' dir='ltr'><strong>minimam</strong></span> <span class='ocrx_word' id='word_1_46' title='bbox 502 1147 610 1221; x_wconf 91' lang='lat' dir='ltr'><strong>lassis</strong></span> <span class='ocrx_word' id='word_1_47' title='bbox 628 1174 790 1248; x_wconf 89' lang='lat' dir='ltr'><strong>unquam</strong></span> <span class='ocrx_word' id='word_1_48' title='bbox 814 1147 1004 1246; x_wconf 82' lang='lat' dir='ltr'><strong>indulgere</strong></span> <span class='ocrx_word' id='word_1_49' title='bbox 1031 1145 1204 1245; x_wconf 90' lang='lat' dir='ltr'><strong>quietem.</strong></span> <span class='ocrx_word' id='word_1_50' title='bbox 1305 1133 1310 1150; x_wconf 57' lang='lat'>⁸</span> 
     </span>
     <span class='ocr_line' id='line_1_9' title="bbox 185 1259 1298 1369; baseline -0.006 -27"><span class='ocrx_word' id='word_1_51' title='bbox 185 1269 234 1342; x_wconf 90' lang='lat' dir='ltr'><strong>Ni</strong></span> <span class='ocrx_word' id='word_1_52' title='bbox 256 1267 414 1358; x_wconf 88' lang='lat' dir='ltr'><strong>faciant,</strong></span> <span class='ocrx_word' id='word_1_53' title='bbox 436 1285 500 1341; x_wconf 93' lang='lat' dir='ltr'><strong>aut</strong></span> <span class='ocrx_word' id='word_1_54' title='bbox 523 1269 594 1340; x_wconf 88' lang='lat' dir='ltr'><strong>hae</strong></span> <span class='ocrx_word' id='word_1_55' title='bbox 618 1267 705 1341; x_wconf 92' lang='lat' dir='ltr'><strong>illac</strong></span> <span class='ocrx_word' id='word_1_56' title='bbox 731 1259 860 1369; x_wconf 79' lang='lat' dir='ltr'><strong>sparsa</strong></span> <span class='ocrx_word' id='word_1_57' title='bbox 884 1268 1033 1340; x_wconf 83' lang='lat' dir='ltr'><strong>aethere</strong></span> <span class='ocrx_word' id='word_1_58' title='bbox 1059 1265 1234 1337; x_wconf 86' lang='lat' dir='ltr'><strong>aberrent</strong></span> <span class='ocrx_word' id='word_1_59' title='bbox 1296 1341 1298 1344; x_wconf 61' lang='grc'><strong>,</strong></span> 
     </span>
     <span class='ocr_line' id='line_1_10' title="bbox 186 1385 1368 1488; baseline -0.003 -27"><span class='ocrx_word' id='word_1_60' title='bbox 186 1388 388 1483; x_wconf 85' lang='lat' dir='ltr'><strong>Continuo,</strong></span> <span class='ocrx_word' id='word_1_61' title='bbox 414 1405 476 1460; x_wconf 90' lang='lat' dir='ltr'><strong>aut</strong></span> <span class='ocrx_word' id='word_1_62' title='bbox 499 1388 595 1460; x_wconf 90' lang='lat' dir='ltr'><strong>inter</strong></span> <span class='ocrx_word' id='word_1_63' title='bbox 620 1411 660 1460; x_wconf 89' lang='lat' dir='ltr'><strong>se</strong></span> <span class='ocrx_word' id='word_1_64' title='bbox 686 1387 812 1462; x_wconf 87' lang='lat' dir='ltr'><strong>ineant</strong></span> <span class='ocrx_word' id='word_1_65' title='bbox 836 1387 1038 1488; x_wconf 88' lang='lat' dir='ltr'><strong>asperrima</strong></span> <span class='ocrx_word' id='word_1_66' title='bbox 1062 1385 1181 1480; x_wconf 81' lang='lat' dir='ltr'><strong>hella3</strong></span> <span class='ocrx_word' id='word_1_67' title='bbox 1297 1399 1368 1469; x_wconf 90' lang='grc'><strong>555</strong></span> 
     </span>
     <span class='ocr_line' id='line_1_11' title="bbox 185 1507 1231 1607; baseline 0.002 -27"><span class='ocrx_word' id='word_1_68' title='bbox 185 1511 306 1581; x_wconf 85' lang='lat' dir='ltr'><strong>Tanta</strong></span> <span class='ocrx_word' id='word_1_69' title='bbox 330 1509 471 1580; x_wconf 85' lang='lat' dir='ltr'><strong>animos</strong></span> <span class='ocrx_word' id='word_1_70' title='bbox 496 1507 638 1598; x_wconf 86' lang='lat' dir='ltr'><strong>rabies,</strong></span> <span class='ocrx_word' id='word_1_71' title='bbox 664 1508 769 1581; x_wconf 84' lang='lat' dir='ltr'><strong>furor</strong></span> <span class='ocrx_word' id='word_1_72' title='bbox 793 1520 904 1607; x_wconf 86' lang='lat' dir='ltr'><strong>atque</strong></span> <span class='ocrx_word' id='word_1_73' title='bbox 930 1507 1075 1579; x_wconf 89' lang='lat' dir='ltr'><strong>insania</strong></span> <span class='ocrx_word' id='word_1_74' title='bbox 1098 1521 1231 1582; x_wconf 83' lang='lat' dir='ltr'><strong>versat.</strong></span> 
     </span>
    </p>

    <p class='ocr_par' dir='ltr' id='par_1_6' title="bbox 179 1627 1364 2193">
     <span class='ocr_line' id='line_1_12' title="bbox 183 1627 1166 1728; baseline -0.002 -28"><span class='ocrx_word' id='word_1_75' title='bbox 183 1631 282 1727; x_wconf 85' lang='lat' dir='ltr'><strong>Ergo</strong></span> <span class='ocrx_word' id='word_1_76' title='bbox 307 1627 532 1703; x_wconf 81' lang='lat' dir='ltr'><strong>locustarum</strong></span> <span class='ocrx_word' id='word_1_77' title='bbox 546 1628 704 1725; x_wconf 41' lang='lat' dir='ltr'><strong>‘deserta</strong></span> <span class='ocrx_word' id='word_1_78' title='bbox 727 1652 796 1728; x_wconf 90' lang='lat' dir='ltr'><strong>per</strong></span> <span class='ocrx_word' id='word_1_79' title='bbox 821 1629 901 1701; x_wconf 89' lang='lat' dir='ltr'><strong>avia</strong></span> <span class='ocrx_word' id='word_1_80' title='bbox 926 1652 1104 1698; x_wconf 90' lang='lat' dir='ltr'><strong>summam</strong></span> <span class='ocrx_word' id='word_1_81' title='bbox 1163 1647 1166 1654; x_wconf 88' lang='grc'><em>·</em></span> 
     </span>
     <span class='ocr_line' id='line_1_13' title="bbox 182 1743 1283 1847; baseline 0 -29"><span class='ocrx_word' id='word_1_82' title='bbox 182 1748 370 1847; x_wconf 88' lang='lat' dir='ltr'><strong>Principio</strong></span> <span class='ocrx_word' id='word_1_83' title='bbox 393 1749 562 1846; x_wconf 84' lang='lat' dir='ltr'><strong>exigere,</strong></span> <span class='ocrx_word' id='word_1_84' title='bbox 589 1765 626 1819; x_wconf 90' lang='lat' dir='ltr'><strong>et</strong></span> <span class='ocrx_word' id='word_1_85' title='bbox 649 1764 752 1820; x_wconf 90' lang='lat' dir='ltr'><strong>rutae</strong></span> <span class='ocrx_word' id='word_1_86' title='bbox 777 1764 887 1844; x_wconf 89' lang='lat' dir='ltr'><strong>atque</strong></span> <span class='ocrx_word' id='word_1_87' title='bbox 913 1746 1170 1846; x_wconf 81' lang='lat' dir='ltr'><strong>hypericonis,</strong></span> <span class='ocrx_word' id='word_1_88' title='bbox 1197 1743 1283 1832; x_wconf 71' lang='lat' dir='ltr'><strong>ervi,</strong></span> 
     </span>
     <span class='ocr_line' id='line_1_14' title="bbox 181 1841 1211 1966; baseline -0.005 -25"><span class='ocrx_word' id='word_1_89' title='bbox 181 1867 426 1966; x_wconf 87' lang='lat' dir='ltr'><strong>Absinthique</strong></span> <span class='ocrx_word' id='word_1_90' title='bbox 451 1841 590 1956; x_wconf 78' lang='lat' dir='ltr'><strong>omnis,</strong></span> <span class='ocrx_word' id='word_1_91' title='bbox 616 1891 841 1965; x_wconf 87' lang='lat' dir='ltr'><strong>censumque</strong></span> <span class='ocrx_word' id='word_1_92' title='bbox 866 1866 1030 1938; x_wconf 88' lang='lat' dir='ltr'><strong>indicere</strong></span> <span class='ocrx_word' id='word_1_93' title='bbox 1056 1890 1211 1937; x_wconf 80' lang='lat' dir='ltr'><strong>arenae=</strong></span> 
     </span>
     <span class='ocr_line' id='line_1_15' title="bbox 179 1985 1364 2086; baseline -0.004 -26"><span class='ocrx_word' id='word_1_94' title='bbox 179 1989 322 2060; x_wconf 89' lang='lat' dir='ltr'><strong>Durum</strong></span> <span class='ocrx_word' id='word_1_95' title='bbox 346 2011 456 2086; x_wconf 85' lang='lat' dir='ltr'><strong>opus,</strong></span> <span class='ocrx_word' id='word_1_96' title='bbox 482 1985 675 2076; x_wconf 86' lang='lat' dir='ltr'><strong>infestum,</strong></span> <span class='ocrx_word' id='word_1_97' title='bbox 701 1987 895 2086; x_wconf 83' lang='lat' dir='ltr'><strong>stygioque</strong></span> <span class='ocrx_word' id='word_1_98' title='bbox 921 1985 1109 2058; x_wconf 87' lang='lat' dir='ltr'><strong>molestius</strong></span> <span class='ocrx_word' id='word_1_99' title='bbox 1135 1986 1232 2084; x_wconf 80' lang='lat' dir='ltr'><strong>igne.</strong></span> <span class='ocrx_word' id='word_1_100' title='bbox 1295 1995 1364 2073; x_wconf 73' lang='grc'><strong>550</strong></span> 
     </span>
     <span class='ocr_line' id='line_1_16' title="bbox 179 2105 1102 2193; baseline 0 -15"><span class='ocrx_word' id='word_1_101' title='bbox 179 2107 276 2180; x_wconf 90' lang='lat' dir='ltr'><strong>Hinc</strong></span> <span class='ocrx_word' id='word_1_102' title='bbox 301 2105 396 2182; x_wconf 88' lang='lat' dir='ltr'><strong>adeo</strong></span> <span class='ocrx_word' id='word_1_103' title='bbox 420 2131 602 2180; x_wconf 87' lang='lat' dir='ltr'><strong>memores</strong></span> <span class='ocrx_word' id='word_1_104' title='bbox 628 2107 704 2181; x_wconf 82' lang='lat' dir='ltr'><strong>risa</strong></span> <span class='ocrx_word' id='word_1_105' title='bbox 729 2123 945 2178; x_wconf 84' lang='lat' dir='ltr'><strong>execrantur</strong></span> <span class='ocrx_word' id='word_1_106' title='bbox 970 2105 1102 2193; x_wconf 84' lang='lat' dir='ltr'><strong>olentis</strong></span> 
     </span>
    </p>

    <p class='ocr_par' dir='ltr' id='par_1_7' title="bbox 177 2223 1267 2443">
     <span class='ocr_line' id='line_1_17' title="bbox 178 2223 1267 2328; baseline -0.001 -30"><span class='ocrx_word' id='word_1_107' title='bbox 178 2228 287 2298; x_wconf 86' lang='lat' dir='ltr'><strong>Nune</strong></span> <span class='ocrx_word' id='word_1_108' title='bbox 312 2225 423 2299; x_wconf 87' lang='lat' dir='ltr'><strong>etiam</strong></span> <span class='ocrx_word' id='word_1_109' title='bbox 446 2243 550 2298; x_wconf 89' lang='lat' dir='ltr'><strong>rutae</strong></span> <span class='ocrx_word' id='word_1_110' title='bbox 575 2225 667 2299; x_wconf 84' lang='lat' dir='ltr'><strong>folia</strong></span> <span class='ocrx_word' id='word_1_111' title='bbox 691 2244 802 2325; x_wconf 86' lang='lat' dir='ltr'><strong>atque</strong></span> <span class='ocrx_word' id='word_1_112' title='bbox 827 2226 1064 2328; x_wconf 85' lang='lat' dir='ltr'><strong>hypericonis</strong></span> <span class='ocrx_word' id='word_1_113' title='bbox 1089 2223 1267 2297; x_wconf 89' lang='lat' dir='ltr'><strong>umbram.</strong></span> 
     </span>
     <span class='ocr_line' id='line_1_18' title="bbox 177 2344 1200 2443; baseline 0.001 -25"><span class='ocrx_word' id='word_1_114' title='bbox 177 2344 268 2436; x_wconf 89' lang='lat' dir='ltr'><strong>Inde</strong></span> <span class='ocrx_word' id='word_1_115' title='bbox 293 2345 366 2416; x_wconf 91' lang='lat' dir='ltr'><strong>hue</strong></span> <span class='ocrx_word' id='word_1_116' title='bbox 390 2361 502 2443; x_wconf 88' lang='lat' dir='ltr'><strong>atque</strong></span> <span class='ocrx_word' id='word_1_117' title='bbox 526 2344 614 2416; x_wconf 90' lang='lat' dir='ltr'><strong>illue</strong></span> <span class='ocrx_word' id='word_1_118' title='bbox 638 2346 839 2418; x_wconf 87' lang='lat' dir='ltr'><strong>transferre</strong></span> <span class='ocrx_word' id='word_1_119' title='bbox 864 2346 1053 2418; x_wconf 85' lang='lat' dir='ltr'><strong>horrentia</strong></span> <span class='ocrx_word' id='word_1_120' title='bbox 1077 2361 1200 2419; x_wconf 86' lang='lat' dir='ltr'><strong>castra</strong></span> 
     </span>
    </p>

    <p class='ocr_par' dir='ltr' id='par_1_8' title="bbox 177 2462 1151 2564">
     <span class='ocr_line' id='line_1_19' title="bbox 177 2462 1151 2564; baseline -0.002 -28"><span class='ocrx_word' id='word_1_121' title='bbox 177 2467 249 2539; x_wconf 89' lang='lat' dir='ltr'><strong>Per</strong></span> <span class='ocrx_word' id='word_1_122' title='bbox 272 2463 358 2538; x_wconf 92' lang='lat' dir='ltr'><strong>loca</strong></span> <span class='ocrx_word' id='word_1_123' title='bbox 381 2463 593 2551; x_wconf 89' lang='lat' dir='ltr'><strong>inaccessa,</strong></span> <span class='ocrx_word' id='word_1_124' title='bbox 618 2462 783 2563; x_wconf 86' lang='lat' dir='ltr'><strong>abruptis</strong></span> <span class='ocrx_word' id='word_1_125' title='bbox 808 2468 1010 2564; x_wconf 89' lang='lat' dir='ltr'><strong>asperrima</strong></span> <span class='ocrx_word' id='word_1_126' title='bbox 1036 2465 1151 2560; x_wconf 80' lang='lat' dir='ltr'><strong>saxis3</strong></span> 
     </span>
    </p>

    <p class='ocr_par' dir='ltr' id='par_1_9' title="bbox 174 2582 1360 3165">
     <span class='ocr_line' id='line_1_20' title="bbox 179 2582 1359 2686; baseline -0.001 -30"><span class='ocrx_word' id='word_1_127' title='bbox 179 2585 335 2656; x_wconf 84' lang='lat' dir='ltr'><strong>Caetera</strong></span> <span class='ocrx_word' id='word_1_128' title='bbox 359 2583 510 2658; x_wconf 83' lang='lat' dir='ltr'><strong>dirersis</strong></span> <span class='ocrx_word' id='word_1_129' title='bbox 535 2582 632 2682; x_wconf 84' lang='lat' dir='ltr'><strong>legio</strong></span> <span class='ocrx_word' id='word_1_130' title='bbox 658 2582 745 2654; x_wconf 88' lang='lat' dir='ltr'><strong>dum</strong></span> <span class='ocrx_word' id='word_1_131' title='bbox 769 2609 898 2684; x_wconf 84' lang='lat' dir='ltr'><strong>sparsa</strong></span> <span class='ocrx_word' id='word_1_132' title='bbox 921 2611 990 2686; x_wconf 89' lang='lat' dir='ltr'><strong>per</strong></span> <span class='ocrx_word' id='word_1_133' title='bbox 1015 2586 1145 2658; x_wconf 88' lang='lat' dir='ltr'><strong>orbem</strong></span> <span class='ocrx_word' id='word_1_134' title='bbox 1291 2591 1359 2670; x_wconf 70' lang='grc'><strong>555</strong></span> 
     </span>
     <span class='ocr_line' id='line_1_21' title="bbox 175 2702 1069 2803; baseline 0.001 -26"><span class='ocrx_word' id='word_1_135' title='bbox 175 2705 356 2777; x_wconf 89' lang='lat' dir='ltr'><strong>Paulatim</strong></span> <span class='ocrx_word' id='word_1_136' title='bbox 381 2711 488 2774; x_wconf 69' lang='lat' dir='ltr'><strong>coeat</strong></span> <span class='ocrx_word' id='word_1_137' title='bbox 508 2702 634 2795; x_wconf 81' lang='lat' dir='ltr'><strong>terris,</strong></span> <span class='ocrx_word' id='word_1_138' title='bbox 659 2706 936 2803; x_wconf 87' lang='lat' dir='ltr'><strong>praemissaque</strong></span> <span class='ocrx_word' id='word_1_139' title='bbox 960 2706 1069 2778; x_wconf 88' lang='lat' dir='ltr'><strong>turba</strong></span> 
     </span>
     <span class='ocr_line' id='line_1_22' title="bbox 176 2820 1106 2924; baseline 0 -28"><span class='ocrx_word' id='word_1_140' title='bbox 176 2823 458 2924; x_wconf 83' lang='lat' dir='ltr'><strong>Exploratorum</strong></span> <span class='ocrx_word' id='word_1_141' title='bbox 481 2820 621 2892; x_wconf 88' lang='lat' dir='ltr'><strong>redeat.</strong></span> <span class='ocrx_word' id='word_1_142' title='bbox 671 2823 818 2894; x_wconf 92' lang='lat' dir='ltr'><strong>Pulsum</strong></span> <span class='ocrx_word' id='word_1_143' title='bbox 843 2825 986 2896; x_wconf 89' lang='lat' dir='ltr'><strong>ossibus</strong></span> <span class='ocrx_word' id='word_1_144' title='bbox 1012 2824 1106 2897; x_wconf 89' lang='lat' dir='ltr'><strong>albis</strong></span> 
     </span>
     <span class='ocr_line' id='line_1_23' title="bbox 177 2942 1360 3044; baseline -0.003 -28"><span class='ocrx_word' id='word_1_145' title='bbox 177 2942 890 3044; x_wconf 83' lang='lat' dir='ltr'><strong>Tympanumequopraeithorrisonum,</strong></span> <span class='ocrx_word' id='word_1_146' title='bbox 918 2961 1024 3015; x_wconf 88' lang='lat' dir='ltr'><strong>sonat</strong></span> <span class='ocrx_word' id='word_1_147' title='bbox 1035 2943 1168 3043; x_wconf 82' lang='lat' dir='ltr'><strong>ungula</strong></span> <span class='ocrx_word' id='word_1_148' title='bbox 1183 2968 1360 3042; x_wconf 89' lang='lat' dir='ltr'><strong>equorum</strong></span> 
     </span>
     <span class='ocr_line' id='line_1_24' title="bbox 174 3063 1283 3165; baseline 0 -30"><span class='ocrx_word' id='word_1_149' title='bbox 174 3064 336 3136; x_wconf 90' lang='lat' dir='ltr'><strong>Plurima</strong></span> <span class='ocrx_word' id='word_1_150' title='bbox 361 3087 459 3162; x_wconf 90' lang='lat' dir='ltr'><strong>pone</strong></span> <span class='ocrx_word' id='word_1_151' title='bbox 486 3087 666 3159; x_wconf 79' lang='lat' dir='ltr'><strong>sequens5</strong></span> <span class='ocrx_word' id='word_1_152' title='bbox 691 3063 918 3165; x_wconf 87' lang='lat' dir='ltr'><strong>flammisque</strong></span> <span class='ocrx_word' id='word_1_153' title='bbox 944 3065 1133 3137; x_wconf 90' lang='lat' dir='ltr'><strong>horrentia</strong></span> <span class='ocrx_word' id='word_1_154' title='bbox 1158 3065 1283 3136; x_wconf 91' lang='lat' dir='ltr'><strong>lucent</strong></span> 
     </span>
    </p>
   </div>
   <div class='ocr_carea' id='block_1_3' title="bbox 175 3365 935 3432">
    <p class='ocr_par' dir='ltr' id='par_1_10' title="bbox 175 3365 935 3432">
     <span class='ocr_line' id='line_1_25' title="bbox 175 3365 935 3432; baseline 0.005 -14"><span class='ocrx_word' id='word_1_155' title='bbox 175 3367 211 3418; x_wconf 84' lang='lat' dir='ltr'><strong>V.</strong></span> <span class='ocrx_word' id='word_1_156' title='bbox 231 3370 291 3421; x_wconf 82' lang='grc'><strong>330.</strong></span> <span class='ocrx_word' id='word_1_157' title='bbox 304 3365 426 3430; x_wconf 69' lang='lat' dir='ltr'><strong>esuris</strong></span> <span class='ocrx_word' id='word_1_158' title='bbox 445 3369 622 3432; x_wconf 73' lang='lat' dir='ltr'><strong>pronepotis.</strong></span> <span class='ocrx_word' id='word_1_159' title='bbox 637 3369 708 3420; x_wconf 80' lang='lat' dir='ltr'><strong>ituit.</strong></span> <span class='ocrx_word' id='word_1_160' title='bbox 721 3367 818 3422; x_wconf 81' lang='lat' dir='ltr'><strong>venet.</strong></span> <span class='ocrx_word' id='word_1_161' title='bbox 833 3372 852 3422; x_wconf 90' lang='lat'><strong>1.</strong></span> <span class='ocrx_word' id='word_1_162' title='bbox 868 3372 935 3424; x_wconf 88' lang='lat' dir='ltr'><strong>illio.</strong></span> 
     </span>
    </p>
   </div>
   <div class='ocr_carea' id='block_1_4' title="bbox 173 3485 1357 3572">
    <p class='ocr_par' dir='ltr' id='par_1_11' title="bbox 173 3485 1357 3572">
     <span class='ocr_line' id='line_1_26' title="bbox 173 3485 1357 3572; baseline -0.002 -16"><span class='ocrx_word' id='word_1_163' title='bbox 173 3503 208 3555; x_wconf 81' lang='lat' dir='ltr'><strong>V.</strong></span> <span class='ocrx_word' id='word_1_164' title='bbox 224 3503 276 3556; x_wconf 82' lang='grc'><strong>333</strong></span> <span class='ocrx_word' id='word_1_165' title='bbox 302 3501 328 3552; x_wconf 72' lang='lat' dir='ltr'><strong>dt</strong></span> <span class='ocrx_word' id='word_1_166' title='bbox 347 3501 406 3553; x_wconf 84' lang='grc'><strong>333.</strong></span> <span class='ocrx_word' id='word_1_167' title='bbox 441 3503 534 3555; x_wconf 81' lang='lat' dir='ltr'><strong>liuta</strong></span> <span class='ocrx_word' id='word_1_168' title='bbox 567 3485 710 3572; x_wconf 67' lang='grc' dir='ltr'><strong><em>(πήγανον,</em></strong></span> <span class='ocrx_word' id='word_1_169' title='bbox 741 3502 841 3571; x_wconf 77' lang='lat' dir='ltr'><strong>flaute)</strong></span> <span class='ocrx_word' id='word_1_170' title='bbox 874 3505 959 3555; x_wconf 79' lang='lat' dir='ltr'><strong>herta</strong></span> <span class='ocrx_word' id='word_1_171' title='bbox 989 3502 1139 3570; x_wconf 82' lang='lat' dir='ltr'><strong>hortensis,</strong></span> <span class='ocrx_word' id='word_1_172' title='bbox 1169 3503 1235 3554; x_wconf 85' lang='lat' dir='ltr'><strong>olim</strong></span> <span class='ocrx_word' id='word_1_173' title='bbox 1258 3515 1357 3570; x_wconf 71' lang='lat' dir='ltr'><strong>gruem</strong></span> 
     </span>
    </p>
   </div>
   <div class='ocr_carea' id='block_1_5' title="bbox 276 3587 1356 3778">
    <p class='ocr_par' dir='ltr' id='par_1_12' title="bbox 276 3587 1356 3778">
     <span class='ocr_line' id='line_1_27' title="bbox 277 3587 1144 3676; baseline 0.002 -22"><span class='ocrx_word' id='word_1_174' title='bbox 277 3587 361 3676; x_wconf 75' lang='lat' dir='ltr'><strong>p‘iaa.</strong></span> <span class='ocrx_word' id='word_1_175' title='bbox 382 3603 487 3665; x_wconf 82' lang='lat' dir='ltr'><strong>Duplex</strong></span> <span class='ocrx_word' id='word_1_176' title='bbox 503 3609 554 3672; x_wconf 87' lang='lat' dir='ltr'><strong>est,</strong></span> <span class='ocrx_word' id='word_1_177' title='bbox 574 3608 667 3658; x_wconf 84' lang='lat' dir='ltr'><strong>sativa</strong></span> <span class='ocrx_word' id='word_1_178' title='bbox 676 3612 705 3656; x_wconf 87' lang='lat' dir='ltr'><strong>et</strong></span> <span class='ocrx_word' id='word_1_179' title='bbox 717 3605 861 3657; x_wconf 89' lang='lat' dir='ltr'><strong>silvestris.</strong></span> <span class='ocrx_word' id='word_1_180' title='bbox 881 3606 948 3656; x_wconf 85' lang='lat' dir='ltr'><strong>Plin.</strong></span> <span class='ocrx_word' id='word_1_181' title='bbox 970 3601 1014 3673; x_wconf 76' lang='lat'><strong>20,</strong></span> <span class='ocrx_word' id='word_1_182' title='bbox 1033 3608 1076 3672; x_wconf 85' lang='grc'><strong>13,</strong></span> <span class='ocrx_word' id='word_1_183' title='bbox 1101 3609 1144 3659; x_wconf 81' lang='lat' dir='ltr'><strong>ti.</strong></span> 
     </span>
     <span class='ocr_line' id='line_1_28' title="bbox 276 3691 1356 3778; baseline -0.005 -18"><span class='ocrx_word' id='word_1_184' title='bbox 276 3691 654 3778; x_wconf 65' lang='lat' dir='ltr'><strong>Hyperioonfflrs&#39;ptnor,</strong></span> <span class='ocrx_word' id='word_1_185' title='bbox 669 3696 897 3775; x_wconf 81' lang='lat' dir='ltr'><strong>Johanniskraut)</strong></span> <span class='ocrx_word' id='word_1_186' title='bbox 919 3709 937 3757; x_wconf 92' lang='lat' dir='ltr'><strong>i.</strong></span> <span class='ocrx_word' id='word_1_187' title='bbox 960 3723 985 3770; x_wconf 88' lang='lat' dir='ltr'><strong>q.</strong></span> <span class='ocrx_word' id='word_1_188' title='bbox 1007 3710 1193 3772; x_wconf 77' lang='lat' dir='ltr'><strong>chamaepitys</strong></span> <span class='ocrx_word' id='word_1_189' title='bbox 1213 3710 1242 3757; x_wconf 90' lang='lat' dir='ltr'><strong>et</strong></span> <span class='ocrx_word' id='word_1_190' title='bbox 1255 3706 1356 3758; x_wconf 73' lang='lat' dir='ltr'><strong>conca.</strong></span> 
     </span>
    </p>
   </div>
   <div class='ocr_carea' id='block_1_6' title="bbox 172 3799 1461 3870">
    <p class='ocr_par' dir='ltr' id='par_1_13' title="bbox 172 3799 1461 3870">
     <span class='ocr_line' id='line_1_29' title="bbox 172 3799 1461 3870; baseline -0.002 -18"><span class='ocrx_word' id='word_1_191' title='bbox 172 3810 179 3858; x_wconf 83' lang='grc'><strong>·,</strong></span> <span class='ocrx_word' id='word_1_192' title='bbox 276 3802 404 3852; x_wconf 79' lang='lat' dir='ltr'><strong>Ervum</strong></span> <span class='ocrx_word' id='word_1_193' title='bbox 425 3802 537 3860; x_wconf 79' lang='lat' dir='ltr'><strong>(Erre)</strong></span> <span class='ocrx_word' id='word_1_194' title='bbox 558 3817 644 3870; x_wconf 82' lang='lat' dir='ltr'><strong>genus</strong></span> <span class='ocrx_word' id='word_1_195' title='bbox 667 3804 709 3850; x_wconf 85' lang='lat' dir='ltr'><strong>esi</strong></span> <span class='ocrx_word' id='word_1_196' title='bbox 728 3799 870 3866; x_wconf 81' lang='lat' dir='ltr'><strong>leguminis</strong></span> <span class='ocrx_word' id='word_1_197' title='bbox 892 3800 992 3862; x_wconf 83' lang='lat' dir='ltr'><strong>siliqua</strong></span> <span class='ocrx_word' id='word_1_198' title='bbox 1014 3801 1189 3862; x_wconf 82' lang='lat' dir='ltr'><strong>cylindraeea</strong></span> <span class='ocrx_word' id='word_1_199' title='bbox 1213 3801 1356 3863; x_wconf 79' lang='lat' dir='ltr'><strong>fructuque</strong></span> <span class='ocrx_word' id='word_1_200' title='bbox 1457 3849 1461 3856; x_wconf 89' lang='grc'>,</span> 
     </span>
    </p>
   </div>
   <div class='ocr_carea' id='block_1_7' title="bbox 276 3885 1357 4063">
    <p class='ocr_par' dir='ltr' id='par_1_14' title="bbox 276 3885 1357 4063">
     <span class='ocr_line' id='line_1_30' title="bbox 276 3885 1357 3972; baseline 0.004 -20"><span class='ocrx_word' id='word_1_201' title='bbox 276 3903 392 3966; x_wconf 74' lang='lat' dir='ltr'><strong>lignosa.</strong></span> <span class='ocrx_word' id='word_1_202' title='bbox 415 3900 519 3952; x_wconf 81' lang='lat' dir='ltr'><strong>coium.</strong></span> <span class='ocrx_word' id='word_1_203' title='bbox 547 3905 572 3970; x_wconf 80' lang='lat' dir='ltr'><strong>r,</strong></span> <span class='ocrx_word' id='word_1_204' title='bbox 599 3907 640 3956; x_wconf 78' lang='grc' dir='ltr'><strong>ιι.</strong></span> <span class='ocrx_word' id='word_1_205' title='bbox 663 3901 880 3956; x_wconf 72' lang='lat' dir='ltr'><strong>absinthium</strong></span> <span class='ocrx_word' id='word_1_206' title='bbox 901 3885 1056 3970; x_wconf 70' lang='grc' dir='ltr'><strong>(ἅψινθος,</strong></span> <span class='ocrx_word' id='word_1_207' title='bbox 1084 3894 1244 3972; x_wconf 75' lang='lat' dir='ltr'><strong>Warauu)</strong></span> <span class='ocrx_word' id='word_1_208' title='bbox 1273 3905 1357 3956; x_wconf 78' lang='lat' dir='ltr'><strong>terta</strong></span> 
     </span>
     <span class='ocr_line' id='line_1_31' title="bbox 276 3993 1148 4063; baseline 0.003 -19"><span class='ocrx_word' id='word_1_209' title='bbox 276 3993 411 4063; x_wconf 16' lang='lat' dir='ltr'><strong>estpioliis</strong></span> <span class='ocrx_word' id='word_1_210' title='bbox 426 3995 613 4057; x_wconf 79' lang='lat' dir='ltr'><strong>mutipliciter</strong></span> <span class='ocrx_word' id='word_1_211' title='bbox 624 3993 696 4045; x_wconf 79' lang='lat' dir='ltr'><strong>fissis</strong></span> <span class='ocrx_word' id='word_1_212' title='bbox 710 3993 862 4057; x_wconf 84' lang='lat' dir='ltr'><strong>insignique</strong></span> <span class='ocrx_word' id='word_1_213' title='bbox 873 3995 998 4046; x_wconf 84' lang='lat' dir='ltr'><strong>amaritia</strong></span> <span class='ocrx_word' id='word_1_214' title='bbox 1014 3995 1148 4058; x_wconf 79' lang='lat' dir='ltr'><strong>praedita.</strong></span> 
     </span>
    </p>
   </div>
   <div class='ocr_carea' id='block_1_8' title="bbox 70 4133 907 4200">
    <p class='ocr_par' dir='ltr' id='par_1_15' title="bbox 70 4133 907 4200">
     <span class='ocr_line' id='line_1_32' title="bbox 70 4133 907 4200; baseline -0.002 -8"><span class='ocrx_word' id='word_1_215' title='bbox 70 4133 74 4142; x_wconf 81' lang='lat'>&#39;</span> <span class='ocrx_word' id='word_1_216' title='bbox 163 4142 203 4192; x_wconf 69' lang='lat' dir='ltr'><strong>V.</strong></span> <span class='ocrx_word' id='word_1_217' title='bbox 225 4142 276 4192; x_wconf 77' lang='lat' dir='ltr'><strong>tit</strong></span> <span class='ocrx_word' id='word_1_218' title='bbox 292 4164 323 4176; x_wconf 86' lang='lat'><strong>-</strong></span> <span class='ocrx_word' id='word_1_219' title='bbox 341 4141 375 4190; x_wconf 78' lang='lat'><strong>42</strong></span> <span class='ocrx_word' id='word_1_220' title='bbox 386 4140 449 4200; x_wconf 79' lang='lat' dir='ltr'><strong>incl.</strong></span> <span class='ocrx_word' id='word_1_221' title='bbox 468 4140 580 4190; x_wconf 81' lang='lat' dir='ltr'><strong>inlidit.</strong></span> <span class='ocrx_word' id='word_1_222' title='bbox 599 4139 696 4189; x_wconf 85' lang='lat' dir='ltr'><strong>Venet.</strong></span> <span class='ocrx_word' id='word_1_223' title='bbox 711 4139 907 4192; x_wconf 83' lang='lat' dir='ltr'><strong>desiderantur.</strong></span> 
     </span>
    </p>
   </div>
   <div class='ocr_carea' id='block_1_9' title="bbox 171 4282 1353 4348">
    <p class='ocr_par' dir='ltr' id='par_1_16' title="bbox 171 4282 1353 4348">
     <span class='ocr_line' id='line_1_33' title="bbox 171 4282 1353 4348; baseline 0.002 -12"><span class='ocrx_word' id='word_1_224' title='bbox 171 4287 204 4336; x_wconf 82' lang='lat' dir='ltr'><strong>V.</strong></span> <span class='ocrx_word' id='word_1_225' title='bbox 223 4286 283 4339; x_wconf 76' lang='grc'><strong>343.</strong></span> <span class='ocrx_word' id='word_1_226' title='bbox 298 4283 371 4338; x_wconf 68' lang='lat' dir='ltr'><strong>iiiii.</strong></span> <span class='ocrx_word' id='word_1_227' title='bbox 398 4282 493 4336; x_wconf 83' lang='lat' dir='ltr'><strong>venet.</strong></span> <span class='ocrx_word' id='word_1_228' title='bbox 514 4297 564 4348; x_wconf 77' lang='lat' dir='ltr'><strong>pro</strong></span> <span class='ocrx_word' id='word_1_229' title='bbox 587 4285 1068 4348; x_wconf 12' lang='lat' dir='ltr'><strong>flamnisquetiorrential.</strong></span> <span class='ocrx_word' id='word_1_230' title='bbox 1085 4287 1202 4338; x_wconf 79' lang='lat' dir='ltr'><strong>flammis</strong></span> <span class='ocrx_word' id='word_1_231' title='bbox 1222 4287 1353 4340; x_wconf 84' lang='lat' dir='ltr'><strong>ardentia.</strong></span> 
     </span>
    </p>
   </div>
   <div class='ocr_carea' id='block_1_10' title="bbox 0 0 1500 4906">
    <p class='ocr_par' dir='ltr' id='par_1_17' title="bbox 0 0 1500 4906">
     <span class='ocr_line' id='line_1_34' title="bbox 0 0 1500 4906; baseline 0 9"><span class='ocrx_word' id='word_1_232' title='bbox 0 0 1500 4906; x_wconf 95' lang='lat' dir='ltr'><strong> </strong></span> 
     </span>
    </p>
   </div>
   <div class='ocr_carea' id='block_1_11' title="bbox 1462 4311 1475 4344">
    <p class='ocr_par' dir='ltr' id='par_1_18' title="bbox 1462 4311 1475 4344">
     <span class='ocr_line' id='line_1_35' title="bbox 1462 4311 1475 4344; baseline 0 -2"><span class='ocrx_word' id='word_1_233' title='bbox 1462 4311 1475 4344; x_wconf 69' lang='lat' dir='ltr'>d</span> 
     </span>
    </p>
   </div>
  </div>
 </body>
</html>
