2960 4908
131 269 200 336 150
555 249 794 332 alneu
843 249 939 322 vni.

132 446 310 523 Gomebat
332 446 442 519 Pueri
468 445 601 535 crines,
628 443 735 516 simul
761 442 889 516 oscula
913 442 1029 517 fronti

129 569 224 643 Gara
249 566 372 658 dabat,
397 565 634 663 lacrimisque
660 562 789 636 oculos
815 562 994 664 implebat
1018 562 1170 636 obortis.
1311 660 1316 670 1

39 763 42 782 ,
128 690 211 761 Heu
238 687 378 786 quales,
402 683 623 773 miseranda,
647 709 759 784 paras
784 681 852 756 tihi
876 683 1005 756 nescia
1030 681 1155 758 fletus!
1244 695 1315 766 295

130 811 277 907 Quanto
303 807 393 880 emis
418 807 512 878 haec
536 806 676 906 pretio!
704 822 881 905 quantum
905 804 973 878 tibi
997 802 1137 875 fulmen
1163 802 1210 875 ab
1236 803 1314 876 alto

129 931 298 1029 Desuper
323 951 389 998 are
414 928 530 1000 venit!
556 926 735 998 Lacrimis
760 951 847 998 nam
869 924 1029 1023 denique
1053 925 1169 996 victus

84 1079 87 1088 ·
129 1049 268 1122 Annuit
292 1047 474 1119 aetherius
499 1049 614 1118 Puer:
640 1063 678 1118 at
700 1071 771 1145 pro
800 1070 951 1117 munere
974 1061 1078 1116 tanto

127 1171 209 1240 Heu
233 1165 375 1257 duram,
397 1167 469 1239 heu
482 1167 636 1258 tristem,
662 1192 773 1266 quam
786 1191 985 1266 nunquam,
1010 1166 1137 1264 Virgo,
1153 1177 1317 1263 putaras,

128 1287 277 1388 Adjecit
301 1287 433 1386 legem,
459 1289 598 1387 patrias
622 1306 663 1360 ut
683 1288 825 1362 scilicet
849 1285 961 1359 aedes
1245 1295 1315 1362 300

128 1413 328 1482 Desereret
353 1408 512 1508 fugiens,
538 1426 649 1509 atque
674 1410 925 1480 innotesceret
950 1405 1109 1500 absens,

129 1531 211 1629 Quo
238 1528 346 1602 simul
372 1544 410 1598 ct
432 1547 541 1601 notus
567 1529 678 1621 foret,
704 1546 926 1630 ereptusque
952 1511 1114 1600 lateret(

127 1648 230 1738 lnde,
259 1650 323 1744 ait,
350 1649 523 1722 amissum
547 1647 723 1725 dabimus
743 1672 972 1750 cognoscere
998 1672 1149 1718 munuca

126 1768 297 1867 Namque
322 1767 442 1840 aderit
465 1770 597 1844 missus
623 1798 775 1873 praeco,
803 1771 868 1870 qui
889 1769 1038 1841 nunciet
1062 1768 1141 1842 istis
1358 1857 1360 1862 λ

128 1887 349 1961 consedisse
373 1889 493 1958 Deum
517 1891 638 1983 terris,
664 1894 733 1964 hos
758 1893 904 1964 Numen
930 1887 1078 1986 Olympi
1243 1897 1312 1967 505

123 2007 325 2080 incoluisse
351 2004 471 2084 lares:
497 2011 628 2110 Tuque
655 2012 805 2111 optima,
830 2017 944 2111 parce
971 2004 1144 2107 querelis,

123 2133 241 2202 Parce
267 2133 405 2202 Parens
430 2129 604 2206 lacrimis.
657 2131 720 2204 Sic
746 2130 820 2203 ille.
871 2121 921 2202 At
947 2126 1073 2201 saucia
1098 2125 1226 2225 Virgo,

123 2251 248 2322 Prima
270 2249 389 2348 fugae
405 2265 445 2321 ut
467 2250 584 2322 sensit
610 2253 839 2352 praenuncia
863 2250 1039 2339 carmina,
1066 2246 1184 2322 vultus

124 2369 270 2442 Pallida
295 2367 449 2466 dejecit,
476 2369 672 2469 subitoque
698 2369 885 2449 obmutuit
909 2395 993 2442 ores

124 2492 206 2562 Nec
230 2514 359 2563 rocem
380 2487 510 2560 infelix
528 2488 679 2580 habuit,
703 2517 773 2563 nec
799 2491 933 2580 rcrba,
959 2515 1030 2561 nec
1053 2489 1154 2590 ipsas
1241 2502 1312 2570 510

124 2610 168 2678 ln
192 2625 366 2707 promptu
389 2608 573 2689 lacrimas.
623 2613 710 2686 Non
734 2613 828 2685 haec
853 2611 1037 2684 sententia
1061 2610 1207 2705 mentis,

125 2728 211 2799 Non
238 2727 331 2796 haee
357 2728 476 2799 Mater
502 2752 629 2804 amans
655 2756 818 2828 unquam
843 2731 1021 2803 moritura
1045 2747 1217 2830 rogarat,

124 2848 206 2922 Nec
230 2868 405 2918 revocare
430 2845 529 2934 licet,
555 2871 626 2917 nec
644 2845 704 2918 fas
723 2848 907 2921 obsistere
929 2867 1080 2927 contrat

126 2955 231 3056 Ausa
253 2989 322 3036 nec
345 2964 497 3039 ulterius
518 2973 701 3067 responsa
724 2967 910 3041 lacessere
936 2967 1039 3043 dura.

124 3088 207 3159 Hoc
231 3086 403 3156 miseram
428 3105 557 3184 gnatus
581 3087 708 3160 lethali
732 3089 881 3163 vulnere
902 3090 1057 3181 «laesam,
1238 3104 1308 3173 515

126 3189 208 3279 Hoc
234 3205 326 3278 duro
351 3203 458 3276 lixam
481 3206 569 3297 talo,
596 3209 873 3308 exanimemque
898 3210 1058 3310 reliquit.

127 3509 164 3561 V.
183 3511 244 3561 tut.
262 3507 332 3557 Edit.
350 3506 449 3558 venet.
468 3518 517 3568 pro
537 3518 619 3559 cara
634 3509 653 3560 1.
671 3508 759 3572 plura

126 3601 161 3652 V.
181 3603 233 3654 206
252 3604 280 3650 et
297 3601 358 3649 29⁷.
375 3599 446 3648 Edit.
463 3599 562 3649 venet.
579 3596 733 3667 conjungit:
1024 3655 1027 3665 ,

289 3691 395 3751 Quanto
413 3691 481 3740 emis
497 3693 565 3741 haec
579 3691 684 3762 ¹erratio!
719 3695 853 3747 lacrimis
869 3708 934 3748 uam
950 3697 1065 3761 denique
1081 3696 1172 3748 victus

128 3786 163 3838 V.
183 3788 235 3838 tut
253 3789 281 3836 et
299 3788 359 3836 8⁰0.
377 3782 448 3833 Edit.
466 3782 588 3833 Veneta:

338 3874 446 3926 Addidit
462 3876 531 3924 hauc
548 3874 652 3939 legem,
671 3887 752 3937 quam
766 3890 918 3946 nunquam,
936 3881 1037 3946 Virgo,
1056 3885 1181 3948 putaras,

338 3969 429 4033 Hanc,
447 3969 570 4033 inquam,
588 3968 678 4031 legem
697 4001 705 4016 .
723 4001 731 4016 .
751 4001 759 4017 .
779 4001 785 4016 .

128 4060 164 4112 V.
184 4061 234 4112 800
253 4059 323 4108 inter
341 4062 369 4107 et
386 4059 420 4108 V.
441 4061 501 4110 000.
519 4058 591 4108 Edit.
609 4057 708 4106 Venet.
727 4059 886 4120 interponit:

336 4151 424 4212 Atque
440 4151 487 4200 tibi
503 4161 547 4199 me
563 4149 640 4215 regio
657 4150 752 4211 procul
769 4152 831 4202 uino
848 4151 958 4202 diverte
974 4152 1093 4215 tenebit,

129 4241 164 4291 V.
184 4243 244 4292 003.
262 4240 335 4289 Edit.
352 4239 449 4288 venat.
467 4252 515 4301 pro
532 4241 611 4290 indo
628 4242 647 4290 l.
665 4251 738 4291 tuuc.

130 4331 164 4381 V.
185 4333 244 4383 009.
263 4331 334 4382 Edit.
353 4329 450 4380 venet.
470 4343 519 4392 pro
537 4332 725 4395 subitoque
742 4333 761 4383 l.
781 4345 939 4410 presseque.
