<?xml version="1.0" encoding="UTF-8"?>
<!DOCTYPE html PUBLIC "-//W3C//DTD XHTML 1.0 Transitional//EN"
    "http://www.w3.org/TR/xhtml1/DTD/xhtml1-transitional.dtd">
<html xmlns="http://www.w3.org/1999/xhtml" xml:lang="en" lang="en">
 <head>
  <title>
</title>
<meta http-equiv="Content-Type" content="text/html;charset=utf-8" />
  <meta name='ocr-system' content='tesseract 3.04.00' />
  <meta name='ocr-capabilities' content='ocr_page ocr_carea ocr_par ocr_line ocrx_word'/>
</head>
<body>
  <div class='ocr_page' id='page_1' title='image "./jesuspuerpoema00gratgoog_0060.png"; bbox 0 0 2990 4906; ppageno 0'>
   <div class='ocr_carea' id='block_1_1' title="bbox 574 214 1435 330">
    <p class='ocr_par' dir='ltr' id='par_1_1' title="bbox 574 214 1435 330">
     <span class='ocr_line' id='line_1_1' title="bbox 574 214 1435 330; baseline -0.001 -44"><span class='ocrx_word' id='word_1_1' title='bbox 574 214 907 330; x_wconf 70' lang='lat' dir='ltr'><strong>LIBERlI.</strong></span> <span class='ocrx_word' id='word_1_2' title='bbox 1288 231 1335 306; x_wconf 76' lang='lat'><strong>29</strong></span> <span class='ocrx_word' id='word_1_3' title='bbox 1432 241 1435 248; x_wconf 55' lang='lat'><strong><em>⁴</em></strong></span> 
     </span>
    </p>
   </div>
   <div class='ocr_carea' id='block_1_2' title="bbox 153 408 1343 2075">
    <p class='ocr_par' dir='ltr' id='par_1_2' title="bbox 153 408 1343 2075">
     <span class='ocr_line' id='line_1_2' title="bbox 251 408 1217 512; baseline -0.002 -26"><span class='ocrx_word' id='word_1_4' title='bbox 251 413 427 512; x_wconf 83' lang='lat' dir='ltr'><strong>Exiguum</strong></span> <span class='ocrx_word' id='word_1_5' title='bbox 451 411 616 485; x_wconf 75' lang='lat' dir='ltr'><strong>restabat</strong></span> <span class='ocrx_word' id='word_1_6' title='bbox 639 412 720 500; x_wconf 88' lang='lat' dir='ltr'><strong>iter,</strong></span> <span class='ocrx_word' id='word_1_7' title='bbox 747 411 949 512; x_wconf 83' lang='lat' dir='ltr'><strong>spatiique,</strong></span> <span class='ocrx_word' id='word_1_8' title='bbox 976 408 1077 509; x_wconf 90' lang='lat' dir='ltr'><strong>quod</strong></span> <span class='ocrx_word' id='word_1_9' title='bbox 1100 412 1217 512; x_wconf 85' lang='lat' dir='ltr'><strong>&#39;usque</strong></span> 
     </span>
     <span class='ocr_line' id='line_1_3' title="bbox 154 530 1154 634; baseline -0.004 -25"><span class='ocrx_word' id='word_1_10' title='bbox 154 537 358 609; x_wconf 81' lang='lat' dir='ltr'><strong>Nanareum</strong></span> <span class='ocrx_word' id='word_1_11' title='bbox 382 531 430 604; x_wconf 89' lang='lat' dir='ltr'><strong>ad</strong></span> <span class='ocrx_word' id='word_1_12' title='bbox 453 557 587 632; x_wconf 82' lang='lat' dir='ltr'><strong>pagum</strong></span> <span class='ocrx_word' id='word_1_13' title='bbox 612 549 796 634; x_wconf 76' lang='lat' dir='ltr'><strong>superest,</strong></span> <span class='ocrx_word' id='word_1_14' title='bbox 823 530 1014 606; x_wconf 85' lang='lat' dir='ltr'><strong>absolvere</strong></span> <span class='ocrx_word' id='word_1_15' title='bbox 1038 531 1154 631; x_wconf 80' lang='lat' dir='ltr'><strong>Virgo</strong></span> 
     </span>
     <span class='ocr_line' id='line_1_4' title="bbox 154 651 1132 756; baseline -0.009 -24"><span class='ocrx_word' id='word_1_16' title='bbox 154 656 243 732; x_wconf 90' lang='lat' dir='ltr'>Vult</span> <span class='ocrx_word' id='word_1_17' title='bbox 266 653 401 756; x_wconf 82' lang='lat' dir='ltr'><strong>pedes:</strong></span> <span class='ocrx_word' id='word_1_18' title='bbox 424 655 579 753; x_wconf 81' lang='lat' dir='ltr'><strong>arreptis</strong></span> <span class='ocrx_word' id='word_1_19' title='bbox 604 653 742 724; x_wconf 82' lang='lat' dir='ltr'><strong>fraenis</strong></span> <span class='ocrx_word' id='word_1_20' title='bbox 769 651 953 728; x_wconf 81' lang='lat' dir='ltr'><strong>deducere</strong></span> <span class='ocrx_word' id='word_1_21' title='bbox 979 652 1132 724; x_wconf 88' lang='lat' dir='ltr'><strong>asellum</strong></span> 
     </span>
     <span class='ocr_line' id='line_1_5' title="bbox 153 772 1338 875; baseline -0.004 -26"><span class='ocrx_word' id='word_1_22' title='bbox 153 781 253 852; x_wconf 88' lang='lat' dir='ltr'><strong>luter</strong></span> <span class='ocrx_word' id='word_1_23' title='bbox 278 803 318 848; x_wconf 90' lang='lat' dir='ltr'><strong>se</strong></span> <span class='ocrx_word' id='word_1_24' title='bbox 343 774 449 875; x_wconf 91' lang='lat' dir='ltr'><strong>pueri</strong></span> <span class='ocrx_word' id='word_1_25' title='bbox 474 792 634 850; x_wconf 68' lang='lat' dir='ltr'><strong>certante</strong></span> <span class='ocrx_word' id='word_1_26' title='bbox 659 772 881 872; x_wconf 87' lang='lat' dir='ltr'><strong>Juditheque</strong></span> <span class='ocrx_word' id='word_1_27' title='bbox 906 772 1101 875; x_wconf 88' lang='lat' dir='ltr'><strong>pulchrum</strong></span> <span class='ocrx_word' id='word_1_28' title='bbox 1269 785 1338 856; x_wconf 83' lang='lat'><strong>190</strong></span> 
     </span>
     <span class='ocr_line' id='line_1_6' title="bbox 154 893 1163 998; baseline -0.004 -26"><span class='ocrx_word' id='word_1_29' title='bbox 154 898 375 998; x_wconf 88' lang='lat' dir='ltr'><strong>Implicitum</strong></span> <span class='ocrx_word' id='word_1_30' title='bbox 399 895 566 969; x_wconf 88' lang='lat' dir='ltr'><strong>manibus</strong></span> <span class='ocrx_word' id='word_1_31' title='bbox 590 897 714 968; x_wconf 87' lang='lat' dir='ltr'><strong>Jesum</strong></span> <span class='ocrx_word' id='word_1_32' title='bbox 738 893 868 964; x_wconf 84' lang='lat' dir='ltr'><strong>trahit:</strong></span> <span class='ocrx_word' id='word_1_33' title='bbox 891 894 973 993; x_wconf 89' lang='lat' dir='ltr'><strong>ipsa</strong></span> <span class='ocrx_word' id='word_1_34' title='bbox 997 894 1163 985; x_wconf 70' lang='lat' dir='ltr'><strong>sodaleS,</strong></span> 
     </span>
     <span class='ocr_line' id='line_1_7' title="bbox 155 1014 1059 1117; baseline -0.002 -27"><span class='ocrx_word' id='word_1_35' title='bbox 155 1019 404 1116; x_wconf 84' lang='lat' dir='ltr'><strong>Mirantesque</strong></span> <span class='ocrx_word' id='word_1_36' title='bbox 429 1017 526 1088; x_wconf 91' lang='lat' dir='ltr'><strong>inter</strong></span> <span class='ocrx_word' id='word_1_37' title='bbox 549 1014 692 1117; x_wconf 81' lang='lat' dir='ltr'><strong>pergis,</strong></span> <span class='ocrx_word' id='word_1_38' title='bbox 718 1014 878 1104; x_wconf 89' lang='lat' dir='ltr'><strong>Jesseia,</strong></span> <span class='ocrx_word' id='word_1_39' title='bbox 903 1031 1059 1104; x_wconf 85' lang='lat' dir='ltr'><strong>matres,</strong></span> 
     </span>
     <span class='ocr_line' id='line_1_8' title="bbox 154 1133 1287 1239; baseline -0.005 -29"><span class='ocrx_word' id='word_1_40' title='bbox 154 1137 358 1239; x_wconf 88' lang='lat' dir='ltr'><strong>Respirans</strong></span> <span class='ocrx_word' id='word_1_41' title='bbox 383 1136 550 1236; x_wconf 83' lang='lat' dir='ltr'><strong>placide,</strong></span> <span class='ocrx_word' id='word_1_42' title='bbox 576 1153 687 1234; x_wconf 88' lang='lat' dir='ltr'><strong>atque</strong></span> <span class='ocrx_word' id='word_1_43' title='bbox 712 1133 840 1206; x_wconf 89' lang='lat' dir='ltr'><strong>oculos</strong></span> <span class='ocrx_word' id='word_1_44' title='bbox 866 1159 933 1232; x_wconf 92' lang='lat' dir='ltr'><strong>per</strong></span> <span class='ocrx_word' id='word_1_45' title='bbox 956 1135 1102 1234; x_wconf 84' lang='lat' dir='ltr'><strong>singula</strong></span> <span class='ocrx_word' id='word_1_46' title='bbox 1127 1133 1287 1224; x_wconf 89' lang='lat' dir='ltr'><strong>ducens,</strong></span> 
     </span>
     <span class='ocr_line' id='line_1_9' title="bbox 156 1255 1245 1354; baseline 0.002 -25"><span class='ocrx_word' id='word_1_47' title='bbox 156 1258 374 1330; x_wconf 90' lang='lat' dir='ltr'><strong>Sustentans</strong></span> <span class='ocrx_word' id='word_1_48' title='bbox 399 1258 567 1330; x_wconf 87' lang='lat' dir='ltr'><strong>manibus</strong></span> <span class='ocrx_word' id='word_1_49' title='bbox 593 1271 732 1343; x_wconf 83' lang='lat' dir='ltr'><strong>vestes,</strong></span> <span class='ocrx_word' id='word_1_50' title='bbox 758 1279 833 1352; x_wconf 92' lang='lat' dir='ltr'><strong>qua</strong></span> <span class='ocrx_word' id='word_1_51' title='bbox 857 1255 988 1326; x_wconf 88' lang='lat' dir='ltr'><strong>semita</strong></span> <span class='ocrx_word' id='word_1_52' title='bbox 1013 1281 1153 1354; x_wconf 84' lang='lat' dir='ltr'><strong>aquosa</strong></span> <span class='ocrx_word' id='word_1_53' title='bbox 1179 1272 1245 1331; x_wconf 89' lang='lat' dir='ltr'><strong>est.</strong></span> 
     </span>
     <span class='ocr_line' id='line_1_10' title="bbox 157 1373 1341 1475; baseline -0.003 -28"><span class='ocrx_word' id='word_1_54' title='bbox 157 1376 370 1448; x_wconf 86' lang='lat' dir='ltr'><strong>Sarcinulas</strong></span> <span class='ocrx_word' id='word_1_55' title='bbox 395 1377 556 1450; x_wconf 88' lang='lat' dir='ltr'><strong>humeris</strong></span> <span class='ocrx_word' id='word_1_56' title='bbox 581 1376 759 1450; x_wconf 89' lang='lat' dir='ltr'><strong>Jonathas</strong></span> <span class='ocrx_word' id='word_1_57' title='bbox 785 1376 897 1472; x_wconf 81' lang='lat' dir='ltr'><strong>gerit:</strong></span> <span class='ocrx_word' id='word_1_58' title='bbox 923 1373 1031 1447; x_wconf 79' lang='lat' dir='ltr'><strong>obvia</strong></span> <span class='ocrx_word' id='word_1_59' title='bbox 1054 1375 1193 1475; x_wconf 90' lang='lat' dir='ltr'><strong>passim</strong></span> <span class='ocrx_word' id='word_1_60' title='bbox 1272 1387 1341 1458; x_wconf 82' lang='lat'><strong>195</strong></span> 
     </span>
     <span class='ocr_line' id='line_1_11' title="bbox 158 1493 1229 1594; baseline 0.001 -29"><span class='ocrx_word' id='word_1_61' title='bbox 158 1497 336 1566; x_wconf 82' lang='lat' dir='ltr'><strong>Armenta</strong></span> <span class='ocrx_word' id='word_1_62' title='bbox 360 1513 559 1569; x_wconf 87' lang='lat' dir='ltr'><strong>occurrunt</strong></span> <span class='ocrx_word' id='word_1_63' title='bbox 584 1512 841 1594; x_wconf 83' lang='lat' dir='ltr'><strong>agrestumque</strong></span> <span class='ocrx_word' id='word_1_64' title='bbox 866 1493 1022 1593; x_wconf 83' lang='lat' dir='ltr'><strong>agmina.</strong></span> <span class='ocrx_word' id='word_1_65' title='bbox 1073 1495 1229 1592; x_wconf 82' lang='lat' dir='ltr'><strong>Jamque</strong></span> 
     </span>
     <span class='ocr_line' id='line_1_12' title="bbox 155 1615 1022 1713; baseline 0.002 -29"><span class='ocrx_word' id='word_1_66' title='bbox 155 1615 349 1713; x_wconf 89' lang='lat' dir='ltr'><strong>Apparent</strong></span> <span class='ocrx_word' id='word_1_67' title='bbox 373 1617 529 1688; x_wconf 89' lang='lat' dir='ltr'><strong>humiles</strong></span> <span class='ocrx_word' id='word_1_68' title='bbox 553 1617 647 1689; x_wconf 89' lang='lat' dir='ltr'><strong>muri</strong></span> <span class='ocrx_word' id='word_1_69' title='bbox 672 1632 866 1713; x_wconf 89' lang='lat' dir='ltr'><strong>turresque</strong></span> <span class='ocrx_word' id='word_1_70' title='bbox 891 1615 1022 1689; x_wconf 83' lang='lat' dir='ltr'><strong>vetusti</strong></span> 
     </span>
     <span class='ocr_line' id='line_1_13' title="bbox 156 1731 1074 1835; baseline 0.004 -31"><span class='ocrx_word' id='word_1_71' title='bbox 156 1731 336 1832; x_wconf 91' lang='lat' dir='ltr'><strong>Oppiduli</strong></span> <span class='ocrx_word' id='word_1_72' title='bbox 362 1736 513 1808; x_wconf 82' lang='lat' dir='ltr'><strong>vestitae</strong></span> <span class='ocrx_word' id='word_1_73' title='bbox 539 1736 678 1826; x_wconf 90' lang='lat' dir='ltr'><strong>ederis,</strong></span> <span class='ocrx_word' id='word_1_74' title='bbox 706 1736 932 1835; x_wconf 89' lang='lat' dir='ltr'><strong>antiquaque</strong></span> <span class='ocrx_word' id='word_1_75' title='bbox 956 1751 1074 1825; x_wconf 90' lang='lat' dir='ltr'><strong>tecta,</strong></span> 
     </span>
     <span class='ocr_line' id='line_1_14' title="bbox 155 1853 1310 1956; baseline 0.008 -33"><span class='ocrx_word' id='word_1_76' title='bbox 155 1854 260 1951; x_wconf 80' lang='lat' dir='ltr'><strong>Quae</strong></span> <span class='ocrx_word' id='word_1_77' title='bbox 284 1855 416 1954; x_wconf 91' lang='lat' dir='ltr'><strong>procul</strong></span> <span class='ocrx_word' id='word_1_78' title='bbox 444 1858 635 1956; x_wconf 81' lang='lat' dir='ltr'><strong>agnoscis,</strong></span> <span class='ocrx_word' id='word_1_79' title='bbox 663 1856 797 1929; x_wconf 89' lang='lat' dir='ltr'><strong>Senior</strong></span> <span class='ocrx_word' id='word_1_80' title='bbox 822 1855 941 1949; x_wconf 89' lang='lat' dir='ltr'><strong>boue,</strong></span> <span class='ocrx_word' id='word_1_81' title='bbox 967 1857 1136 1954; x_wconf 89' lang='lat' dir='ltr'><strong>flensque</strong></span> <span class='ocrx_word' id='word_1_82' title='bbox 1159 1853 1310 1933; x_wconf 83' lang='lat' dir='ltr'><strong>salutas.</strong></span> 
     </span>
     <span class='ocr_line' id='line_1_15' title="bbox 154 1973 1343 2075; baseline 0.004 -32"><span class='ocrx_word' id='word_1_83' title='bbox 154 1974 238 2072; x_wconf 91' lang='lat' dir='ltr'><strong>lpse</strong></span> <span class='ocrx_word' id='word_1_84' title='bbox 265 1973 363 2046; x_wconf 91' lang='lat' dir='ltr'><strong>diem</strong></span> <span class='ocrx_word' id='word_1_85' title='bbox 387 1977 504 2049; x_wconf 91' lang='lat' dir='ltr'><strong>nollet</strong></span> <span class='ocrx_word' id='word_1_86' title='bbox 519 1979 595 2075; x_wconf 88' lang='lat' dir='ltr'><strong>jam</strong></span> <span class='ocrx_word' id='word_1_87' title='bbox 620 2002 741 2049; x_wconf 85' lang='lat' dir='ltr'><strong>seram</strong></span> <span class='ocrx_word' id='word_1_88' title='bbox 766 1974 957 2049; x_wconf 79' lang='lat' dir='ltr'><strong>absolvere</strong></span> <span class='ocrx_word' id='word_1_89' title='bbox 979 1975 1149 2048; x_wconf 87' lang='lat' dir='ltr'><strong>Phoebus</strong></span> <span class='ocrx_word' id='word_1_90' title='bbox 1272 1991 1343 2059; x_wconf 77' lang='lat'><strong>200</strong></span> 
     </span>
    </p>
   </div>
   <div class='ocr_carea' id='block_1_3' title="bbox 157 2094 1223 2310">
    <p class='ocr_par' dir='ltr' id='par_1_3' title="bbox 157 2094 1223 2310">
     <span class='ocr_line' id='line_1_16' title="bbox 157 2094 1223 2195; baseline 0.007 -34"><span class='ocrx_word' id='word_1_91' title='bbox 157 2094 252 2163; x_wconf 76' lang='lat' dir='ltr'><strong>Tam</strong></span> <span class='ocrx_word' id='word_1_92' title='bbox 278 2095 374 2186; x_wconf 91' lang='lat' dir='ltr'><strong>cito,</strong></span> <span class='ocrx_word' id='word_1_93' title='bbox 401 2095 521 2195; x_wconf 89' lang='lat' dir='ltr'><strong>deque</strong></span> <span class='ocrx_word' id='word_1_94' title='bbox 546 2122 614 2170; x_wconf 90' lang='lat' dir='ltr'><strong>suo</strong></span> <span class='ocrx_word' id='word_1_95' title='bbox 640 2095 747 2169; x_wconf 90' lang='lat' dir='ltr'><strong>dolor</strong></span> <span class='ocrx_word' id='word_1_96' title='bbox 772 2113 828 2167; x_wconf 88' lang='lat' dir='ltr'><strong>est</strong></span> <span class='ocrx_word' id='word_1_97' title='bbox 846 2094 1075 2166; x_wconf 87' lang='lat' dir='ltr'><strong>descendere</strong></span> <span class='ocrx_word' id='word_1_98' title='bbox 1102 2121 1223 2186; x_wconf 86' lang='lat' dir='ltr'><strong>curru,</strong></span> 
     </span>
     <span class='ocr_line' id='line_1_17' title="bbox 157 2211 1145 2310; baseline -0.002 -26"><span class='ocrx_word' id='word_1_99' title='bbox 157 2214 280 2310; x_wconf 86' lang='lat' dir='ltr'><strong>Atque</strong></span> <span class='ocrx_word' id='word_1_100' title='bbox 306 2231 465 2310; x_wconf 85' lang='lat' dir='ltr'><strong>utreque-</strong></span> <span class='ocrx_word' id='word_1_101' title='bbox 487 2238 606 2286; x_wconf 62' lang='lat' dir='ltr'><strong>manu„</strong></span> <span class='ocrx_word' id='word_1_102' title='bbox 620 2238 751 2286; x_wconf 86' lang='lat' dir='ltr'><strong>roseos</strong></span> <span class='ocrx_word' id='word_1_103' title='bbox 774 2227 877 2283; x_wconf 88' lang='lat' dir='ltr'><strong>tenet</strong></span> <span class='ocrx_word' id='word_1_104' title='bbox 902 2237 968 2282; x_wconf 83' lang='lat' dir='ltr'><strong>axe</strong></span> <span class='ocrx_word' id='word_1_105' title='bbox 989 2211 1145 2310; x_wconf 79' lang='lat' dir='ltr'><strong>jugales.</strong></span> 
     </span>
    </p>
   </div>
   <div class='ocr_carea' id='block_1_4' title="bbox 157 2329 1246 2552">
    <p class='ocr_par' dir='ltr' id='par_1_4' title="bbox 157 2329 1246 2552">
     <span class='ocr_line' id='line_1_18' title="bbox 255 2329 1232 2430; baseline 0.004 -28"><span class='ocrx_word' id='word_1_106' title='bbox 255 2334 324 2404; x_wconf 89' lang='lat' dir='ltr'><strong>Ast</strong></span> <span class='ocrx_word' id='word_1_107' title='bbox 349 2330 412 2428; x_wconf 82' lang='lat' dir='ltr'><strong>ubi</strong></span> <span class='ocrx_word' id='word_1_108' title='bbox 436 2331 629 2406; x_wconf 82' lang='lat' dir='ltr'><strong>Susannee</strong></span> <span class='ocrx_word' id='word_1_109' title='bbox 649 2333 749 2406; x_wconf 88' lang='lat' dir='ltr'><strong>bona</strong></span> <span class='ocrx_word' id='word_1_110' title='bbox 766 2333 882 2430; x_wconf 84' lang='lat' dir='ltr'><strong>Virgo</strong></span> <span class='ocrx_word' id='word_1_111' title='bbox 905 2330 1020 2404; x_wconf 80' lang='lat' dir='ltr'><strong>erasit</strong></span> <span class='ocrx_word' id='word_1_112' title='bbox 1041 2329 1081 2401; x_wconf 93' lang='lat' dir='ltr'><strong>in</strong></span> <span class='ocrx_word' id='word_1_113' title='bbox 1107 2331 1232 2428; x_wconf 88' lang='lat' dir='ltr'><strong>aedes,</strong></span> 
     </span>
     <span class='ocr_line' id='line_1_19' title="bbox 157 2449 1246 2552; baseline 0.005 -32"><span class='ocrx_word' id='word_1_114' title='bbox 157 2449 228 2521; x_wconf 91' lang='lat' dir='ltr'><strong>Hic</strong></span> <span class='ocrx_word' id='word_1_115' title='bbox 252 2449 381 2549; x_wconf 80' lang='lat' dir='ltr'><strong>fragor</strong></span> <span class='ocrx_word' id='word_1_116' title='bbox 394 2503 405 2540; x_wconf 95' lang='lat'><strong>,</strong></span> <span class='ocrx_word' id='word_1_117' title='bbox 438 2451 500 2522; x_wconf 89' lang='lat' dir='ltr'><strong>hic</strong></span> <span class='ocrx_word' id='word_1_118' title='bbox 520 2452 713 2552; x_wconf 88' lang='lat' dir='ltr'><strong>strepitus,</strong></span> <span class='ocrx_word' id='word_1_119' title='bbox 740 2451 950 2552; x_wconf 87' lang='lat' dir='ltr'><strong>amplexus,</strong></span> <span class='ocrx_word' id='word_1_120' title='bbox 975 2449 1103 2522; x_wconf 87' lang='lat' dir='ltr'><strong>oscula</strong></span> <span class='ocrx_word' id='word_1_121' title='bbox 1134 2451 1246 2544; x_wconf 89' lang='lat' dir='ltr'><strong>mille,</strong></span> 
     </span>
    </p>
   </div>
   <div class='ocr_carea' id='block_1_5' title="bbox 6 2568 1454 2806">
    <p class='ocr_par' dir='ltr' id='par_1_5' title="bbox 6 2568 1454 2806">
     <span class='ocr_line' id='line_1_20' title="bbox 157 2568 1454 2671; baseline 0.012 -30"><span class='ocrx_word' id='word_1_122' title='bbox 157 2568 259 2642; x_wconf 87' lang='lat' dir='ltr'><strong>Mille</strong></span> <span class='ocrx_word' id='word_1_123' title='bbox 276 2571 413 2644; x_wconf 86' lang='lat' dir='ltr'><strong>hilares</strong></span> <span class='ocrx_word' id='word_1_124' title='bbox 437 2571 566 2661; x_wconf 80' lang='lat' dir='ltr'><strong>voces,</strong></span> <span class='ocrx_word' id='word_1_125' title='bbox 591 2574 813 2671; x_wconf 84' lang='lat' dir='ltr'><strong>mixtumque</strong></span> <span class='ocrx_word' id='word_1_126' title='bbox 844 2571 924 2644; x_wconf 92' lang='lat' dir='ltr'><strong>sine</strong></span> <span class='ocrx_word' id='word_1_127' title='bbox 946 2569 1078 2642; x_wconf 87' lang='lat' dir='ltr'><strong>ordine</strong></span> <span class='ocrx_word' id='word_1_128' title='bbox 1105 2570 1247 2646; x_wconf 86' lang='lat' dir='ltr'><strong>discors</strong></span> <span class='ocrx_word' id='word_1_129' title='bbox 1274 2587 1343 2658; x_wconf 85' lang='lat'><strong>205</strong></span> <span class='ocrx_word' id='word_1_130' title='bbox 1448 2607 1454 2614; x_wconf 86' lang='lat'>·</span> 
     </span>
     <span class='ocr_line' id='line_1_21' title="bbox 6 2689 1169 2806; baseline -0.001 -44"><span class='ocrx_word' id='word_1_131' title='bbox 6 2715 9 2736; x_wconf 67' lang='lat'><strong><em>³</em></strong></span> <span class='ocrx_word' id='word_1_132' title='bbox 126 2689 329 2806; x_wconf 37' lang='lat' dir='ltr'><strong>,lUudique</strong></span> <span class='ocrx_word' id='word_1_133' title='bbox 354 2717 515 2762; x_wconf 89' lang='lat' dir='ltr'><strong>murmur</strong></span> <span class='ocrx_word' id='word_1_134' title='bbox 542 2710 631 2765; x_wconf 82' lang='lat' dir='ltr'><strong>erat.</strong></span> <span class='ocrx_word' id='word_1_135' title='bbox 681 2693 762 2764; x_wconf 89' lang='lat' dir='ltr'><strong>Nec</strong></span> <span class='ocrx_word' id='word_1_136' title='bbox 786 2692 863 2765; x_wconf 81' lang='lat' dir='ltr'><strong>tiso</strong></span> <span class='ocrx_word' id='word_1_137' title='bbox 888 2689 996 2764; x_wconf 88' lang='lat' dir='ltr'><strong>litore</strong></span> <span class='ocrx_word' id='word_1_138' title='bbox 1022 2709 1169 2782; x_wconf 89' lang='lat' dir='ltr'><strong>nautae,</strong></span> 
     </span>
    </p>
   </div>
   <div class='ocr_carea' id='block_1_6' title="bbox 156 2811 1346 3609">
    <p class='ocr_par' dir='ltr' id='par_1_6' title="bbox 156 2811 1161 2912">
     <span class='ocr_line' id='line_1_22' title="bbox 156 2811 1161 2912; baseline 0.002 -30"><span class='ocrx_word' id='word_1_139' title='bbox 156 2813 237 2884; x_wconf 90' lang='lat' dir='ltr'><strong>Nec</strong></span> <span class='ocrx_word' id='word_1_140' title='bbox 263 2812 418 2910; x_wconf 81' lang='lat' dir='ltr'><strong>genitrix</strong></span> <span class='ocrx_word' id='word_1_141' title='bbox 444 2827 552 2900; x_wconf 89' lang='lat' dir='ltr'><strong>nato,</strong></span> <span class='ocrx_word' id='word_1_142' title='bbox 578 2837 649 2884; x_wconf 90' lang='lat' dir='ltr'><strong>nec</strong></span> <span class='ocrx_word' id='word_1_143' title='bbox 676 2811 832 2911; x_wconf 83' lang='lat' dir='ltr'><strong>conjuge</strong></span> <span class='ocrx_word' id='word_1_144' title='bbox 856 2829 972 2912; x_wconf 87' lang='lat' dir='ltr'><strong>nupta</strong></span> <span class='ocrx_word' id='word_1_145' title='bbox 995 2828 1161 2912; x_wconf 88' lang='lat' dir='ltr'><strong>recepto,</strong></span> 
     </span>
    </p>

    <p class='ocr_par' dir='ltr' id='par_1_7' title="bbox 157 2930 1346 3392">
     <span class='ocr_line' id='line_1_23' title="bbox 159 2930 1309 3032; baseline 0.003 -32"><span class='ocrx_word' id='word_1_146' title='bbox 159 2931 277 3028; x_wconf 84' lang='lat' dir='ltr'><strong>Quem</strong></span> <span class='ocrx_word' id='word_1_147' title='bbox 301 2930 422 3020; x_wconf 89' lang='lat' dir='ltr'><strong>bello,</strong></span> <span class='ocrx_word' id='word_1_148' title='bbox 448 2947 510 3003; x_wconf 89' lang='lat' dir='ltr'><strong>aut</strong></span> <span class='ocrx_word' id='word_1_149' title='bbox 533 2932 668 3031; x_wconf 83' lang='lat' dir='ltr'><strong>pelago</strong></span> <span class='ocrx_word' id='word_1_150' title='bbox 694 2933 891 3004; x_wconf 84' lang='lat' dir='ltr'><strong>extinctum</strong></span> <span class='ocrx_word' id='word_1_151' title='bbox 915 2931 1127 3004; x_wconf 86' lang='lat' dir='ltr'><strong>miseranda</strong></span> <span class='ocrx_word' id='word_1_152' title='bbox 1150 2949 1309 3032; x_wconf 83' lang='lat' dir='ltr'><strong>putarat,</strong></span> 
     </span>
     <span class='ocr_line' id='line_1_24' title="bbox 157 3049 1130 3150; baseline 0.001 -29"><span class='ocrx_word' id='word_1_153' title='bbox 157 3053 238 3122; x_wconf 83' lang='lat' dir='ltr'><strong>Nec</strong></span> <span class='ocrx_word' id='word_1_154' title='bbox 265 3049 443 3148; x_wconf 91' lang='lat' dir='ltr'><strong>quidquid</strong></span> <span class='ocrx_word' id='word_1_155' title='bbox 466 3067 623 3150; x_wconf 88' lang='lat' dir='ltr'><strong>possunt</strong></span> <span class='ocrx_word' id='word_1_156' title='bbox 646 3050 733 3123; x_wconf 88' lang='lat' dir='ltr'><strong>lacti</strong></span> <span class='ocrx_word' id='word_1_157' title='bbox 760 3050 830 3122; x_wconf 90' lang='lat' dir='ltr'><strong>sibi</strong></span> <span class='ocrx_word' id='word_1_158' title='bbox 855 3050 992 3148; x_wconf 82' lang='lat' dir='ltr'><strong>fingere</strong></span> <span class='ocrx_word' id='word_1_159' title='bbox 1017 3067 1130 3122; x_wconf 90' lang='lat' dir='ltr'><strong>noctu</strong></span> 
     </span>
     <span class='ocr_line' id='line_1_25' title="bbox 159 3168 1346 3272; baseline 0.009 -33"><span class='ocrx_word' id='word_1_160' title='bbox 159 3172 350 3242; x_wconf 89' lang='lat' dir='ltr'><strong>Insomnes</strong></span> <span class='ocrx_word' id='word_1_161' title='bbox 373 3189 494 3262; x_wconf 81' lang='lat' dir='ltr'><strong>ratae,</strong></span> <span class='ocrx_word' id='word_1_162' title='bbox 521 3196 682 3272; x_wconf 87' lang='lat' dir='ltr'><strong>aequare</strong></span> <span class='ocrx_word' id='word_1_163' title='bbox 707 3171 800 3244; x_wconf 89' lang='lat' dir='ltr'><strong>haec</strong></span> <span class='ocrx_word' id='word_1_164' title='bbox 827 3168 960 3268; x_wconf 82' lang='lat' dir='ltr'><strong>gaudia</strong></span> <span class='ocrx_word' id='word_1_165' title='bbox 984 3170 1139 3270; x_wconf 86' lang='lat' dir='ltr'><strong>possint.</strong></span> <span class='ocrx_word' id='word_1_166' title='bbox 1274 3181 1346 3250; x_wconf 79' lang='lat'><strong>21⁰</strong></span> 
     </span>
     <span class='ocr_line' id='line_1_26' title="bbox 162 3288 1155 3392; baseline 0.004 -32"><span class='ocrx_word' id='word_1_167' title='bbox 162 3288 194 3360; x_wconf 95' lang='grc' dir='ltr'>Ο</span> <span class='ocrx_word' id='word_1_168' title='bbox 220 3288 371 3360; x_wconf 90' lang='lat' dir='ltr'><strong>tandem</strong></span> <span class='ocrx_word' id='word_1_169' title='bbox 396 3308 482 3391; x_wconf 88' lang='lat' dir='ltr'><strong>post</strong></span> <span class='ocrx_word' id='word_1_170' title='bbox 506 3292 605 3364; x_wconf 86' lang='lat' dir='ltr'><strong>secla</strong></span> <span class='ocrx_word' id='word_1_171' title='bbox 630 3291 763 3365; x_wconf 86' lang='lat' dir='ltr'><strong>redux!</strong></span> <span class='ocrx_word' id='word_1_172' title='bbox 791 3318 814 3366; x_wconf 88' lang='grc' dir='ltr'>ο</span> <span class='ocrx_word' id='word_1_173' title='bbox 840 3291 1000 3388; x_wconf 90' lang='lat' dir='ltr'><strong>denique</strong></span> <span class='ocrx_word' id='word_1_174' title='bbox 1025 3315 1155 3392; x_wconf 85' lang='lat' dir='ltr'><strong>sospes</strong></span> 
     </span>
    </p>

    <p class='ocr_par' dir='ltr' id='par_1_8' title="bbox 160 3407 1174 3515">
     <span class='ocr_line' id='line_1_27' title="bbox 160 3407 1174 3515; baseline 0.01 -37"><span class='ocrx_word' id='word_1_175' title='bbox 160 3407 323 3480; x_wconf 88' lang='lat' dir='ltr'><strong>Reddita</strong></span> <span class='ocrx_word' id='word_1_176' title='bbox 347 3408 407 3486; x_wconf 83' lang='lat' dir='ltr'><strong>lux</strong></span> <span class='ocrx_word' id='word_1_177' title='bbox 433 3411 547 3484; x_wconf 86' lang='lat' dir='ltr'><strong>orbae</strong></span> <span class='ocrx_word' id='word_1_178' title='bbox 572 3414 728 3510; x_wconf 84' lang='lat' dir='ltr'><strong>patriae,</strong></span> <span class='ocrx_word' id='word_1_179' title='bbox 754 3430 946 3515; x_wconf 81' lang='lat' dir='ltr'><strong>expectata</strong></span> <span class='ocrx_word' id='word_1_180' title='bbox 970 3431 1025 3486; x_wconf 89' lang='lat' dir='ltr'><strong>tot</strong></span> <span class='ocrx_word' id='word_1_181' title='bbox 1049 3411 1174 3488; x_wconf 84' lang='lat' dir='ltr'><strong>annis!</strong></span> 
     </span>
    </p>

    <p class='ocr_par' dir='ltr' id='par_1_9' title="bbox 159 3525 1014 3609">
     <span class='ocr_line' id='line_1_28' title="bbox 159 3525 1014 3609; baseline 0.015 -13"><span class='ocrx_word' id='word_1_182' title='bbox 159 3525 210 3596; x_wconf 90' lang='lat' dir='ltr'><strong>Ut</strong></span> <span class='ocrx_word' id='word_1_183' title='bbox 233 3527 401 3602; x_wconf 82' lang='lat' dir='ltr'><strong>formosa</strong></span> <span class='ocrx_word' id='word_1_184' title='bbox 424 3533 524 3606; x_wconf 89' lang='lat' dir='ltr'><strong>redis</strong></span> <span class='ocrx_word' id='word_1_185' title='bbox 547 3533 600 3605; x_wconf 91' lang='lat' dir='ltr'><strong>nil</strong></span> <span class='ocrx_word' id='word_1_186' title='bbox 625 3533 731 3606; x_wconf 90' lang='lat' dir='ltr'><strong>coelo</strong></span> <span class='ocrx_word' id='word_1_187' title='bbox 757 3533 909 3606; x_wconf 91' lang='lat' dir='ltr'><strong>decolor</strong></span> <span class='ocrx_word' id='word_1_188' title='bbox 929 3533 1014 3609; x_wconf 78' lang='lat' dir='ltr'><strong>illo!</strong></span> 
     </span>
    </p>
   </div>
   <div class='ocr_carea' id='block_1_7' title="bbox 47 3646 1223 3754">
    <p class='ocr_par' dir='ltr' id='par_1_10' title="bbox 47 3646 1223 3754">
     <span class='ocr_line' id='line_1_29' title="bbox 47 3646 1223 3754; baseline 0.004 -37"><span class='ocrx_word' id='word_1_189' title='bbox 47 3735 55 3750; x_wconf 88' lang='lat'><strong><em>.</em></strong></span> <span class='ocrx_word' id='word_1_190' title='bbox 160 3646 265 3743; x_wconf 85' lang='lat' dir='ltr'><strong>Quae</strong></span> <span class='ocrx_word' id='word_1_191' title='bbox 290 3648 347 3722; x_wconf 80' lang='lat' dir='ltr'><strong>ria</strong></span> <span class='ocrx_word' id='word_1_192' title='bbox 359 3701 371 3740; x_wconf 90' lang='lat'><strong>,</strong></span> <span class='ocrx_word' id='word_1_193' title='bbox 398 3654 461 3751; x_wconf 92' lang='lat' dir='ltr'><strong>qui</strong></span> <span class='ocrx_word' id='word_1_194' title='bbox 487 3679 633 3744; x_wconf 68' lang='lat' dir='ltr'><strong>elusus,</strong></span> <span class='ocrx_word' id='word_1_195' title='bbox 661 3679 756 3753; x_wconf 86' lang='lat' dir='ltr'><strong>quae</strong></span> <span class='ocrx_word' id='word_1_196' title='bbox 780 3679 862 3726; x_wconf 87' lang='lat' dir='ltr'><strong>sors</strong></span> <span class='ocrx_word' id='word_1_197' title='bbox 886 3653 1038 3754; x_wconf 89' lang='lat' dir='ltr'><strong>inopina</strong></span> <span class='ocrx_word' id='word_1_198' title='bbox 1062 3647 1223 3730; x_wconf 79' lang='lat' dir='ltr'><strong>revexit?</strong></span> 
     </span>
    </p>
   </div>
   <div class='ocr_carea' id='block_1_8' title="bbox 159 3761 1342 3990">
    <p class='ocr_par' dir='ltr' id='par_1_11' title="bbox 159 3761 1342 3990">
     <span class='ocr_line' id='line_1_30' title="bbox 159 3761 1342 3872; baseline 0.014 -39"><span class='ocrx_word' id='word_1_199' title='bbox 159 3766 259 3836; x_wconf 85' lang='lat' dir='ltr'><strong>Ecce</strong></span> <span class='ocrx_word' id='word_1_200' title='bbox 284 3767 445 3844; x_wconf 91' lang='lat' dir='ltr'><strong>humeris</strong></span> <span class='ocrx_word' id='word_1_201' title='bbox 472 3773 590 3848; x_wconf 82' lang='lat' dir='ltr'><strong>curvis</strong></span> <span class='ocrx_word' id='word_1_202' title='bbox 616 3773 854 3872; x_wconf 80' lang='lat' dir='ltr'><strong>octogenaria</strong></span> <span class='ocrx_word' id='word_1_203' title='bbox 879 3775 1012 3872; x_wconf 85' lang='lat' dir='ltr'><strong>conjux</strong></span> <span class='ocrx_word' id='word_1_204' title='bbox 1273 3761 1342 3850; x_wconf 73' lang='lat' dir='ltr'><strong>2l5</strong></span> 
     </span>
     <span class='ocr_line' id='line_1_31' title="bbox 159 3883 975 3990; baseline 0.018 -37"><span class='ocrx_word' id='word_1_205' title='bbox 159 3883 318 3986; x_wconf 84' lang='lat' dir='ltr'><strong>Alphsei</strong></span> <span class='ocrx_word' id='word_1_206' title='bbox 344 3892 524 3990; x_wconf 85' lang='lat' dir='ltr'><strong>explicitis</strong></span> <span class='ocrx_word' id='word_1_207' title='bbox 549 3893 645 3966; x_wconf 88' lang='lat' dir='ltr'><strong>ulnis</strong></span> <span class='ocrx_word' id='word_1_208' title='bbox 670 3892 843 3965; x_wconf 89' lang='lat' dir='ltr'><strong>edentula</strong></span> <span class='ocrx_word' id='word_1_209' title='bbox 866 3917 975 3968; x_wconf 82' lang='lat' dir='ltr'><strong>voces</strong></span> 
     </span>
    </p>
   </div>
   <div class='ocr_carea' id='block_1_9' title="bbox 174 4051 591 4074">
    <p class='ocr_par' dir='ltr' id='par_1_12' title="bbox 174 4051 591 4074">
     <span class='ocr_line' id='line_1_32' title="bbox 174 4051 591 4074; baseline 0 0"><span class='ocrx_word' id='word_1_210' title='bbox 174 4051 591 4074; x_wconf 50' lang='grc' dir='ltr'><em>Ἥ</em></span> 
     </span>
    </p>
   </div>
   <div class='ocr_carea' id='block_1_10' title="bbox 158 4115 1060 4374">
    <p class='ocr_par' dir='ltr' id='par_1_13' title="bbox 158 4115 1060 4374">
     <span class='ocr_line' id='line_1_33' title="bbox 158 4115 496 4173; baseline 0.027 -9"><span class='ocrx_word' id='word_1_211' title='bbox 158 4115 193 4164; x_wconf 84' lang='lat' dir='ltr'><strong>V.</strong></span> <span class='ocrx_word' id='word_1_212' title='bbox 203 4118 262 4169; x_wconf 75' lang='lat'>194.</span> <span class='ocrx_word' id='word_1_213' title='bbox 283 4120 355 4171; x_wconf 84' lang='lat' dir='ltr'><strong>Edit.</strong></span> <span class='ocrx_word' id='word_1_214' title='bbox 374 4120 496 4173; x_wconf 81' lang='lat' dir='ltr'><strong>Veneta:</strong></span> 
     </span>
     <span class='ocr_line' id='line_1_34' title="bbox 264 4210 1060 4282; baseline 0.01 -24"><span class='ocrx_word' id='word_1_215' title='bbox 264 4210 456 4274; x_wconf 76' lang='lat' dir='ltr'><strong>Sustentatque</strong></span> <span class='ocrx_word' id='word_1_216' title='bbox 478 4225 559 4264; x_wconf 81' lang='lat' dir='ltr'><strong>manu</strong></span> <span class='ocrx_word' id='word_1_217' title='bbox 574 4218 683 4282; x_wconf 82' lang='lat' dir='ltr'><strong>restes,</strong></span> <span class='ocrx_word' id='word_1_218' title='bbox 702 4225 756 4279; x_wconf 82' lang='lat' dir='ltr'><strong>qus</strong></span> <span class='ocrx_word' id='word_1_219' title='bbox 772 4213 871 4266; x_wconf 80' lang='lat' dir='ltr'><strong>semita</strong></span> <span class='ocrx_word' id='word_1_220' title='bbox 888 4225 993 4278; x_wconf 76' lang='lat' dir='ltr'><strong>aquosa</strong></span> <span class='ocrx_word' id='word_1_221' title='bbox 1010 4217 1060 4266; x_wconf 85' lang='lat' dir='ltr'><strong>est.</strong></span> 
     </span>
     <span class='ocr_line' id='line_1_35' title="bbox 160 4293 966 4374; baseline 0.017 -30"><span class='ocrx_word' id='word_1_222' title='bbox 160 4293 263 4355; x_wconf 67' lang='lat' dir='ltr'><strong>moe·</strong></span> <span class='ocrx_word' id='word_1_223' title='bbox 279 4299 329 4352; x_wconf 79' lang='lat' dir='ltr'><strong>Ed.</strong></span> <span class='ocrx_word' id='word_1_224' title='bbox 347 4302 446 4357; x_wconf 86' lang='lat' dir='ltr'><strong>venet.</strong></span> <span class='ocrx_word' id='word_1_225' title='bbox 463 4316 513 4367; x_wconf 76' lang='lat' dir='ltr'><strong>pro</strong></span> <span class='ocrx_word' id='word_1_226' title='bbox 530 4305 726 4361; x_wconf 75' lang='lat' dir='ltr'><strong>miserenda</strong></span> <span class='ocrx_word' id='word_1_227' title='bbox 742 4305 825 4374; x_wconf 75' lang='lat' dir='ltr'><strong>legit:</strong></span> <span class='ocrx_word' id='word_1_228' title='bbox 843 4307 966 4371; x_wconf 77' lang='lat' dir='ltr'><strong>decepta.</strong></span> 
     </span>
    </p>
   </div>
   <div class='ocr_carea' id='block_1_11' title="bbox 0 0 1507 4906">
    <p class='ocr_par' dir='ltr' id='par_1_14' title="bbox 0 0 1507 4906">
     <span class='ocr_line' id='line_1_36' title="bbox 0 0 1507 4906; baseline 0 0"><span class='ocrx_word' id='word_1_229' title='bbox 0 0 1507 4906; x_wconf 95' lang='lat' dir='ltr'><strong> </strong></span> 
     </span>
    </p>
   </div>
  </div>
 </body>
</html>
