2960 4908
152 247 222 319 156
595 239 939 311 LIBERIX.

147 429 320 522 Sentiret,
345 455 543 532 procerum
565 433 671 533 petiit
693 435 799 535 niger
820 434 983 535 undique
1009 454 1147 515 coetus.

143 550 211 623 Illa
236 569 377 635 autemg
402 553 586 652 Quantum
610 556 714 655 potui
739 555 967 647 mortalibus,
989 557 1120 655 inquit,

144 670 348 781 Explorare
369 673 485 745 oculis
513 671 711 773 (quidquid
735 701 825 774 gens
848 675 943 748 falsa
968 679 1161 776 susurret),

142 789 207 863 Nil
230 793 384 867 mortale
410 816 521 892 super
541 790 627 868 vidi.
677 797 772 866 Tum
798 795 898 867 celsa
922 798 1089 870 Manates

144 911 332 1014 Tempora
355 913 570 986 concutiens
595 936 827 1013 proceraque
853 940 1010 992 cornua:
1035 919 1078 988 In
1102 915 1167 989 illo
1281 929 1328 995 15

144 1029 347 1132 (Mentiris)
373 1033 459 1106 ficto
482 1034 591 1124 latet,
617 1035 756 1133 inquit,
784 1061 941 1137 corpore
966 1038 1124 1126 Numen,

141 1149 223 1224 Nec
247 1178 371 1226 verum
396 1157 494 1229 hunc
519 1156 705 1228 hominem
729 1157 944 1227 temerarius
963 1174 1104 1230 asserat
1126 1153 1234 1228 ullus.

142 1271 285 1345 Asserit
311 1275 494 1377 extemplo
518 1277 635 1348 Be'r‘on
659 1302 794 1375 magno
820 1301 885 1348 ore
910 1276 1085 1348 refellens

141 1391 485 1497 Dicta„Deumque
511 1415 643 1498 negata
670 1396 711 1467 Si
736 1397 818 1494 quis
830 1412 955 1497 putat,
980 1397 1065 1467 huic
1081 1396 1182 1468 ferus
1200 1419 1328 1468 amens

102 1575 107 1586 .
140 1511 302 1584 Intendit
325 1515 428 1588 litem
453 1535 491 1590 et
513 1517 663 1591 bellurn.
713 1520 763 1589 At
786 1533 891 1617 putat
916 1541 998 1590 esse
1023 1518 1183 1590 Riarnus
1282 1526 1330 1592 20

140 1633 330 1731 Exurgens
355 1654 508 1733 contra3
536 1637 799 1736 contenditque
826 1635 961 1709 arduus
988 1636 1062 1708 alto

140 1751 307 1862 Numine
322 1756 574 1858 progenitum,
601 1783 738 1855 magno
765 1756 943 1828 Genitore
968 1757 1161 1834 minorem.

139 1872 319 1946 Paulatim
343 1870 530 1947 incaluere
557 1877 688 1965 animi,
714 1874 946 1948 discordibus
970 1874 1049 1946 irae

140 1991 326 2066 Mentibus
351 2018 528 2095 erupere,
553 2010 665 2093 atque
689 1992 933 2095 implacabilis
959 2010 1042 2065 orta

142 2109 305 2208 Sediti03
332 2114 445 2213 inque
471 2116 538 2188 has
563 2115 677 2214 inque
702 2114 785 2188 illas
812 2113 902 2212 Styx
927 2112 1043 2186 didita
1067 2131 1207 2214 partes.
1279 2127 1327 2195 25

140 2231 247 2306 Mens
273 2250 329 2304 est
353 2236 541 2308 Tartareis
567 2236 684 2334 geniis
709 2234 920 2308 immobilis.
969 2236 1067 2308 Ante

107 2404 110 2410 «
139 2352 278 2425 Versus
306 2370 368 2426 eat
390 2355 532 2446 Padus,
560 2373 622 2428 aut
648 2354 740 2427 duro
767 2379 808 2426 se
831 2354 969 2427 robore
994 2355 1120 2427 flectat

90 2450 92 2462 s
140 2476 305 2575 Quercus
330 2474 451 2566 humi,
489 2499 601 2572 quam
626 2474 728 2574 quod
753 2473 867 2547 semel
894 2499 1084 2547 asseruere
1109 2491 1326 2552 retractent.

138 2599 239 2694 Ergo
263 2596 426 2668 intestini
447 2596 669 2669 immortalia
688 2596 828 2667 semina
852 2593 942 2666 belli

137 2715 244 2788 Jacta
267 2716 392 2789 Erebo
415 2715 565 2787 fucrant
577 2744 589 2809 3
615 2716 687 2787 nisi
712 2715 794 2785 dira
818 2713 981 2787 venefica
1004 2731 1177 2815 prompto
1278 2728 1326 2795 30

139 2832 301 2906 Consilio
326 2833 447 2906 illatas
473 2833 641 2908 sedasset
661 2832 815 2931 provida
839 2833 978 2908 turbas.

138 2953 289 3026 Scilicet
311 2955 403 3046 hoc,
429 2954 568 3054 inquit,
594 2952 680 3027 velit
701 2950 839 3048 hostis3
865 2969 905 3059 ut
930 2951 992 3028 illc
1018 2979 1228 3054 supremum

136 3075 232 3144 Dum
257 3073 359 3146 vobis
384 3093 493 3175 parat
514 3073 714 3163 excidium,
739 3100 835 3148 nova
858 3099 1047 3174 regnaque
1076 3073 1202 3146 condit
1211 3103 1224 3170 3

136 3193 214 3267 Vos
238 3192 342 3266 furor
368 3212 405 3265 et
428 3195 528 3265 rixae
553 3212 704 3266 teneant
730 3211 767 3265 et
791 3212 919 3267 mutua
943 3193 1053 3266 bella.

136 3313 233 3412 Quin
258 3314 376 3413 agite,
403 3331 440 3386 et
465 3312 613 3413 quando
640 3311 747 3384 sedet
770 3315 863 3386 hacc
888 3316 1071 3386 sententia
1095 3314 1249 3423 discprs,
1276 3331 1323 3396 35

135 3434 237 3506 Haec
263 3433 393 3506 eadem
416 3436 545 3507 vestris
570 3435 689 3535 prosit
714 3432 901 3507 discordia
924 3434 1050 3508 rebus.

133 3554 212 3625 Hos
236 3558 347 3630 serite
373 3580 518 3628 errores
542 3555 663 3650 terris,
690 3554 787 3626 hanc
814 3555 975 3655 spargite
1001 3555 1124 3628 labem

632 3665 643 3694 0

138 3759 555 3780 m

135 3885 170 3938 V.
189 3889 232 3941 14.
267 3891 428 3940 Manates
454 3894 483 3940 et
507 3891 580 3943 infra
596 3889 703 3942 Belou
719 3885 768 3948 (V.
787 3891 835 3949 18)
853 3891 881 3940 et
899 3889 1051 3942 Blarnus
1076 3891 1124 3951 (V.
1145 3895 1193 3953 to)
1211 3895 1320 3947 nonina

274 3982 452 4032 diabolorum.

136 4092 172 4156 V‚
191 4095 224 4146 tt
240 4097 269 4145 et
286 4097 328 4147 26.
349 4097 442 4160 styx.
461 4095 509 4161 ΠΙ,
529 4095 589 4147 112.
626 4098 822 4149 Tartareus.
841 4097 888 4164 111,
907 4098 959 4150 200
977 4102 1005 4150 et
1022 4101 1082 4153 2⁰1.

132 4205 233 4260 ΉῚ.
267 4209 388 4260 Padus.
406 4209 442 4276 V,
463 4211 522 4262 168.

135 4319 231 4378 Ήθ.
267 4321 412 4376 Etcbus.
429 4323 452 4391 1,
471 4327 496 4378 3.
