2960 4908
516 299 755 371 LIBER
801 301 879 376 vll.

126 493 325 570 Grandinis
349 494 388 566 in
412 519 554 567 morem
578 519 751 570 succusso
775 494 922 595 persica
945 511 1076 566 trunco

125 619 170 687 In
194 613 344 688 viridem
367 613 540 688 labuntur
562 615 721 689 humum.
771 613 995 718 Supponite,
1018 629 1167 701 matres,

125 737 206 806 Huc
215 735 403 834 gremium,
427 735 660 830 huccorhes3
675 737 900 837 tihipomum
911 737 995 824 hoc,
1021 731 1127 825 Sara,
1150 727 1305 822 bilibre,

126 855 208 929 Hoc
223 854 311 944 tibi,
336 853 447 926 tende
464 856 596 946 sinum,
621 859 775 958 Zelphe.
825 854 921 956 Quid
933 853 1205 952 singulanarro,
1233 862 1303 930 305

126 975 227 1074 Quae
253 972 327 1046 ridi
350 975 407 1046 his
433 974 549 1058 oculis
573 1002 774 1076 praesens,
799 977 929 1074 hisque
952 973 1099 1054 auribus
1123 966 1257 1042 hausi?

220 1094 375 1192 Jamque
400 1095 518 1170 omnis
542 1097 637 1170 reris
662 1123 797 1197 pompa
824 1093 1057 1192 autumnique
1082 1089 1151 1164 suh
1174 1089 1250 1162 alta
1327 1141 1329 1148 ,

119 1211 211 1284 llice
235 1230 315 1285 erat
337 1212 437 1287 foliis
462 1233 640 1315 cooperta
665 1234 702 1288 et
726 1217 843 1289 odoro
869 1215 1031 1287 adianto.

121 1333 172 1403 At
194 1332 343 1430 quinam
365 1332 506 1407 ferrent
529 1339 647 1408 Puero
671 1337 877 1408 redolentia
901 1334 1013 1424 dona,

120 1449 185 1523 Lis
212 1468 291 1522 erat
315 1469 353 1524 et
375 1481 546 1554 magnum
572 1474 777 1549 certamen;
797 1481 884 1528 nam
908 1454 979 1528 sihi
1004 1451 1160 1550 quisquo
1234 1459 1305 1528 310

121 1566 165 1638 ld
192 1569 364 1668 cupiebat
386 1599 499 1664 onus,
525 1575 596 1650 sibi
621 1579 861 1675 certatimque
887 1571 1063 1674 quasillos

120 1688 153 1759 E
178 1689 346 1764 manibus
368 1694 516 1794 rapiunt
521 1721 534 1788 3
559 1694 697 1770 instant
718 1696 824 1798 pueri
847 1712 958 1794 atque
981 1689 1140 1793 puellae,

122 1807 427 1910 Contenduntque
452 1839 576 1914 super.
624 1820 700 1889 Res
726 1816 874 1889 tandem
900 1813 949 1887 ad
973 1812 1092 1912 jurgia
1114 1804 1235 1898 renit3

118 1926 260 2002 Cedere
284 1953 355 2002 nee
380 1932 520 2031 Zelphe
545 1935 621 2006 vult
644 1937 762 2026 Dina,
788 1953 898 2030 atque
923 1947 1078 2025 utraque
1102 1938 1231 2014 certat,

117 2050 401 2148 Foemiueisque
425 2052 596 2148 utrinque
622 2068 728 2124 sonat
751 2050 947 2150 garritihus
971 2047 1108 2122 aether.
1232 2055 1302 2124 stt

118 2169 219 2266 Ergo
243 2185 352 2266 pater
376 2169 508 2240 Ruhen
534 2170 636 2240 litem
663 2195 886 2270 componere
912 2167 1067 2240 adorsus

118 2287 328 2386 Dispositos
354 2312 481 2360 omnes
505 2289 544 2358 in
569 2313 698 2387 gyrum
721 2313 893 2389 promere
917 2287 1023 2389 jussit

121 2405 312 2503 Quemque
337 2429 505 2500 manum,
532 2405 677 2506 digitos,
705 2427 795 2510 quot
812 2409 966 2509 quisque
982 2405 1165 2501 emiserat,
1191 2426 1302 2478 unam

122 2522 268 2622 Colligit
292 2523 330 2596 in
356 2549 531 2598 summam
538 2554 551 2621 3
576 2544 652 2601 tum
677 2555 859 2631 quemque
886 2556 929 2601 ex
953 2527 1083 2600 ordine
1107 2527 1268 2600 lustrans

118 2645 204 2715 Non
229 2669 302 2716 uno
327 2664 494 2718 numerat
518 2674 621 2746 gyro.
673 2649 762 2720 Sors
786 2650 907 2749 prima
929 2648 1123 2738 Barucchi,
1229 2653 1302 2725 520

119 2762 186 2834 cui
209 2761 368 2835 trifidum
393 2783 533 2863 guttur,
559 2768 678 2839 fatuus
703 2769 761 2838 oui
786 2770 880 2842 risus
898 2768 938 2839 in
961 2792 1026 2840 ore

115 2880 218 2953 Idem
244 2907 390 2982 semper
415 2902 512 2977 erat,
537 2888 687 2985 risuque
712 2889 856 2988 excepit
881 2887 1014 2960 eodem

114 2999 158 3071 Id
182 3027 349 3099 quoque:
374 3005 521 3077 Rubeni
546 3032 626 3078 sors
656 3005 793 3089 altera,
819 3006 926 3076 tertia
951 3004 1123 3102 Zelphes.

114 3117 274 3192 Advolat
297 3119 361 3192 illa
387 3124 529 3213 statim,
557 3122 742 3223 capitique
769 3123 961 3196 celerrima
976 3121 1126 3221 plenum

115 3241 230 3339 Aptat
252 3255 408 3339 utraque
432 3266 544 3314 manu
564 3242 765 3333 calathum,
793 3269 866 3341 quo
892 3241 1002 3315 ditior
1027 3240 1121 3313 alter
1228 3249 1300 3318 325

115 3362 202 3434 Non
228 3378 324 3452 erat,
351 3377 460 3458 atque
485 3360 587 3434 illum
611 3360 750 3434 celarat
774 3363 908 3435 callida
931 3363 970 3433 in
994 3360 1132 3450 herbis,

115 3483 172 3552 Ne
198 3481 281 3579 quis
306 3482 526 3581 surriperet,
551 3482 714 3580 sequitur
738 3480 824 3553 dein
851 3482 1020 3582 Sephora
1044 3480 1175 3555 nutrix.

115 3600 206 3673 lnde
231 3627 319 3699 ego,
343 3618 420 3673 tum
443 3621 578 3681 materz
606 3627 685 3674 sors
711 3601 838 3674 ultima
861 3602 1105 3680 Bersahaeae.

117 3724 167 3793 At
190 3721 361 3794 miseram
384 3723 519 3795 Dinam
542 3723 691 3796 fortuna
715 3721 864 3794 inimica
890 3722 1041 3817 fefellit,

115 3840 363 3920 Dissimulare,
379 3843 527 3943 nequit,
553 3843 796 3941 lacrimasque
823 3843 1053 3914 abscondere
1078 3841 1176 3914 vultu
1226 3853 1296 3920 330

115 3962 252 4034 Nititur
276 3986 422 4050 averso,
448 3980 486 4036 et
509 3963 592 4037 lites
619 3963 839 4035 clamoribus
865 3962 946 4035 altis

116 4080 295 4173 Suscitat,
322 4097 431 4179 atque
456 4081 567 4156 alium
590 4108 714 4156 rursus
738 4081 813 4156 rult
834 4083 957 4154 invida
981 4106 1109 4180 gyrum

115 4289 150 4340 V.
171 4292 231 4342 800.
249 4291 338 4342 Editio
356 4290 480 4340 veneta:

322 4383 357 4432 At
374 4382 482 4445 quinam
496 4384 584 4436 Puero
602 4385 754 4444 redolentia
772 4396 884 4434 munera
902 4383 1005 4436 renent
