2960 4908
177 297 247 364 110
346 249 391 312 1'
583 281 935 352 utssunvr.

175 480 302 570 Serta,
325 475 377 549 ait
402 475 588 548 aetherius
613 478 729 569 Puer,
756 473 1009 549 unicoloribus
1032 501 1144 548 unum
1158 521 1176 542 .

174 596 357 699 Quodque
380 596 499 688 rosis5
525 594 707 668 decimam
730 595 854 668 medio
880 594 948 669 sed
973 621 1159 696 quamque
1184 595 1295 671 nivali

173 717 277 791 Belle
302 715 521 815 interposito
548 714 758 814 distinguite
783 715 881 806 lilio,
907 714 1046 802 odoros

173 842 273 910 Inter
297 836 469 934 utrinque
496 847 639 907 crocos.
692 835 755 908 Sio
780 834 866 930 ille,
895 853 932 908 et
957 836 1106 908 sedulus
1131 835 1228 908 ultro

173 963 257 1059 lpse
282 981 412 1029 manus
439 955 544 1054 operi
569 980 718 1054 quoque
740 956 914 1049 contulit3
940 950 1027 1028 inde
1051 981 1265 1056 peregrum
1288 971 1360 1040 180
1465 981 1471 1110 p

173 1076 331 1150 Laetitia
356 1074 497 1173 ingenti
521 1075 702 1172 Reginam
727 1076 852 1149 adiere
880 1077 1072 1149 sedentem
1470 1113 1471 1136 t

174 1197 375 1271 Graminea
401 1196 438 1265 in
464 1194 565 1294 ripa:
592 1197 651 1267 eui
675 1195 961 1270 formosissimus
988 1197 1115 1270 Infans
1470 1243 1471 1250 1

171 1317 344 1390 Mollibus
371 1315 545 1414 imposuit
569 1343 700 1388 nexum
729 1316 899 1389 diadema
924 1317 1079 1415 capillis

175 1436 264 1536 Quis
290 1435 358 1540 tibi
384 1463 514 1510 sensus
539 1453 637 1527 erat,
663 1433 807 1534 Virgo?
835 1463 947 1535 quam
973 1437 1151 1511 concolor
1175 1435 1249 1535 ipsi
1324 1451 1328 1456 “
1369 1459 1371 1464 ·

173 1556 386 1655 Sanguineo
413 1559 532 1629 serto!
560 1584 655 1653 quae
680 1583 845 1655 purpura
869 1583 1000 1658 sparsa
1024 1585 1092 1659 per
1117 1582 1244 1630 omnes
1286 1569 1355 1638 185

175 1681 250 1752 Ore
276 1704 390 1776 genas
418 1678 517 1748 toto!
544 1679 619 1748 Ter
646 1700 787 1746 summo
814 1701 834 1746 e
861 1679 997 1749 vertice
1022 1703 1155 1752 munus

171 1800 339 1870 Detraxit
362 1821 511 1869 roseum
533 1798 653 1866 Puero
679 1795 915 1893 impositura3
940 1814 997 1888 ter
1022 1797 1084 1867 ille

168 1918 342 1990 Restituit
370 1941 533 2004 rursum,
560 1912 617 1985 his
644 1913 771 2011 garriit
797 1913 912 1986 almus
939 1915 987 1987 ad
1011 1942 1139 1989 aurem

167 2037 317 2126 Matris,
342 2034 400 2108 bis
425 2033 564 2134 pariter
586 2035 701 2130 Virgo
721 2034 915 2133 respondit
939 2013 1127 2108 inaurem
1147 2117 1152 2136 ἱ

169 2157 349 2230 Goelestis
375 2156 473 2228 Nati.
524 2152 695 2226 Tandem
718 2153 967 2253 pulcherrima
991 2159 1136 2228 Numen
1284 2164 1353 2234 190

169 2275 349 2348 Caeruleo
367 2275 513 2373 accepit
538 2275 699 2365 gremi0‚
724 2291 853 2346 tenera
878 2301 1017 2375 oraque
1042 2295 1122 2353 toto

169 2397 244 2468 Ore
269 2392 501 2494 superposito
528 2391 693 2480 strinxit,
719 2394 908 2494 tenuitque
934 2395 1084 2468 lacertis

167 2514 367 2614 Ample1a3
396 2529 432 2584 et
455 2511 719 2597 lacrimanset
743 2511 939 2588 inhaerens
960 2515 1049 2588 talia
1075 2516 1176 2611 dixit,

168 2634 270 2732 Quae
295 2651 469 2732 poterant
491 2632 632 2733 ipsum,
659 2630 791 2722 credo,
817 2636 977 2708 retinere
1003 2635 1198 2712 cadentem

164 2755 207 2824 In
232 2777 333 2823 mare
359 2753 434 2850 jam
459 2749 588 2822 solem.
637 2751 707 2821 Hio
732 2750 834 2823 lusus
859 2745 1088 2852 gratissimus
1114 2760 1211 2830 inter
1281 2765 1350 2834 196

165 2871 267 2944 Mille
294 2871 385 2942 alios
411 2870 491 2942 fuit.
543 2869 639 2940 Hine
665 2869 759 2942 adeo
785 2871 853 2942 tibi
878 2892 983 2972 grata
1006 2900 1177 2950 rosarum

164 2995 320 3064 Munera
344 2989 549 3065 Partheniis
574 2988 771 3080 altaribus,
795 2990 881 3064 hinc
907 2995 975 3068 tibi
999 2997 1141 3095 magnis

164 3114 377 3185 intermixta
403 3112 511 3184 etiam
537 3110 649 3182 titulis
673 3137 770 3182 rosa.
821 3114 990 3214 Denique
1017 3133 1116 3188 serta

169 3231 373 3330 (Nazareas
398 3251 594 3331 postquam
618 3257 761 3302 rursum
785 3237 961 3306 remeavit
985 3237 1023 3306 in
1050 3235 1179 3337 aedes)

162 3351 297 3451 Elpino
324 3350 455 3446 dedit3'
470 3351 533 3422 ille
560 3367 681 3422 autem
706 3377 771 3423 sua
797 3355 962 3425 carmina
987 3357 1120 3456 cuique
1277 3364 1348 3434 200

162 3471 310 3570 Adjeoit
333 3470 427 3548 flori.
467 3473 606 3544 Verum
632 3471 720 3541 mihi
745 3475 854 3545 noxia
876 3499 1023 3576 semper

162 3593 338 3690 Vesperis
365 3591 506 3666 umbra.
558 3595 656 3661 lnter
680 3591 820 3664 medias
844 3595 919 3694 jam
937 3589 1114 3690 ter'mihi‚
1138 3594 1299 3685 Phoebe,
1461 3581 1471 3674 i

163 3819 197 3871 V.
218 3821 278 3872 186.
297 3817 369 3870 Edit.
388 3815 458 3866 Ven.
476 3818 577 3870 mutat:

337 3909 390 3960 Ore
407 3903 506 3973 genas!
523 3909 647 3960 Manibus
661 3913 705 3961 ter
721 3924 826 3966 summo
846 3919 983 3971 avertice
998 3933 1094 3973 munus

160 4000 195 4052 V·
214 4002 274 4053 191.
292 4001 364 4052 Edit.
386 3998 507 4049 Veneta:

335 4090 468 4141 Caeruleo
482 4089 590 4153 aceepit
605 4096 718 4162 gremio,
736 4102 764 4147 et
776 4099 877 4150 criuem
892 4093 920 4151 ‘et
931 4104 1026 4155 tenera
1042 4117 1101 4156 ora.

161 4184 196 4236 V.
216 4184 276 4234 200.
293 4180 365 4232 Edit.
384 4182 481 4230 Vener.
500 4183 628 4233 adnotat:
647 4186 810 4241 Franciscus
830 4189 983 4246 homene
1008 4200 1104 4249 auctor
1123 4197 1234 4249 Rosarii

336 4271 451 4334 pastun
470 4275 581 4326 nonnus
596 4276 701 4328 ntem.
722 4278 778 4329 cn.
797 4281 833 4348 V,
852 4286 928 4346 ru.¹
1342 4262 1345 4268 ’

162 4361 542 4429 v.202.1¹uoebe.11,1.
