2960 4908
118 215 189 284 136
568 201 807 273 LIBER
846 201 927 275 VII.

119 400 282 470 Mentem
306 398 538 496 animumque
562 397 671 469 Pater
695 396 849 470 coelesti
871 394 1060 470 afflaverat
1083 411 1227 488 oestro,

121 517 300 592 Aleindus
324 522 424 593 vates
449 515 611 617 geminas
638 515 688 588 ad
712 516 835 589 sidera
857 515 999 616 palmas

123 637 296 728 Sustulit,
321 656 358 711 et
380 637 463 737 plus
487 660 598 734 quam
622 635 769 708 mortali
793 661 883 711 voce
907 636 1075 709 locutus:

121 757 347 848 Nauaridae,
372 755 520 828 Alcindi
543 781 714 856 suprema
737 758 831 830 haec
856 756 954 830 diota
978 770 1123 845 tenete,

123 879 246 977 Quae,
271 876 455 978 Raguele,
480 893 543 950 tuo
569 877 760 950 subtecto
786 903 806 950 e
831 875 980 950 sedibus
1005 875 1085 948 istis
1230 883 1301 954 595

124 998 296 1071 Testibus
321 998 451 1096 hisque
478 995 573 1070 focis
599 995 788 1096 praedico.
837 995 1019 1070 Videbitis
1045 993 1134 1066 olim

123 1120 231 1190 Hune
256 1143 383 1217 regum
408 1118 560 1217 antiqua
584 1117 789 1190 venientem
814 1141 834 1188 e
859 1114 972 1214 stirpe
997 1114 1179 1202 Puellum,

125 1237 328 1313 Sublimem
349 1236 500 1310 lsacidis
526 1235 615 1309 dare
639 1237 740 1334 jura,
764 1237 803 1310 in
828 1260 1004 1335 spemque
1028 1257 1179 1307 vocare¹

124 1357 314 1432 Haeredes
339 1358 445 1456 regni
468 1358 625 1456 ingentis
632 1387 645 1454 3
670 1383 808 1457 vosque
833 1357 929 1427 illius
951 1357 1047 1426 inter

126 1475 284 1577 Sceptra
308 1503 437 1550 manus
460 1476 652 1577 velataque
678 1477 844 1550 membra
868 1476 1198 1578 stupebitis‘ostro,
1238 1476 1309 1555 400

125 1599 175 1667 Et
200 1597 323 1670 stabili
349 1623 481 1671 nexam
504 1597 575 1670 fixo
601 1596 808 1671 diademate
833 1597 1005 1674 frontem.

126 1715 280 1790 Abrami
303 1718 397 1789 haec
420 1717 543 1792 veniet
563 1741 691 1790 manes
714 1718 805 1789 mihi
827 1717 928 1788 fama
952 1715 1020 1788 sub
1046 1711 1171 1790 imos.=

127 1839 179 1910 At
201 1836 375 1936 precibus
400 1836 509 1909 nobis
532 1836 755 1936 placandum
780 1839 924 1909 Numen
950 1836 1119 1936 Olympi,

128 1956 231 2028 Haec
255 1957 287 2029 si
312 1955 410 2028 forte
434 1955 505 2054 piis
530 1953 692 2028 lacrimis
718 1981 855 2030 arcana
878 1957 1026 2032 revelet.
1224 2039 1226 2043 ¹

130 2074 252 2176 Spero
267 2075 450 2175 equidem,
474 2102 574 2150 mors
587 2093 671 2149 atra
686 2076 788 2174 prius
806 2102 917 2175 quam
929 2076 1076 2149 luminis
1093 2095 1218 2146 auram
1241 2077 1310 2155 tot

130 2194 305 2285 Auferat,
332 2213 371 2268 et
391 2196 542 2272 veniens
566 2196 739 2270 mortales
765 2196 885 2296 exigat
910 2214 1028 2287 artus,

130 2301 303 2390 Dandum
328 2314 469 2414 aliquid
492 2334 641 2389 nostrae
668 2314 773 2388 eaelo
798 2317 994 2389 miserante
1020 2328 1203 2387 senectae.

55 2498 57 2508 .
133 2431 198 2505 Sic
222 2459 309 2506 reor
333 2433 432 2506 haud
457 2433 577 2509 dubiis
602 2435 715 2534 signis
722 2462 735 2529 3
760 2435 850 2506 mihi
873 2441 1044 2535 praescia
1068 2455 1227 2530 namque

132 2551 217 2626 Vox
241 2571 349 2627 sonat
371 2553 525 2628 interior
548 2554 661 2654 longo
686 2555 761 2654 jam
784 2572 969 2655 tempore,
994 2556 1130 2628 nostris

61 2762 63 2766 .
133 2673 227 2744 Esse
251 2674 371 2744 Deum
393 2672 434 2746 in
458 2675 577 2749 terris.
628 2677 693 2756 Sic
717 2676 799 2748 illes
825 2694 1060 2775 extremaque
1085 2672 1185 2745 dicta
1246 2679 1317 2758 41⁰

133 2791 274 2862 Terrae
299 2791 429 2886 ingens
454 2789 581 2892 fragor
605 2819 650 2867 ac
674 2812 794 2868 motus
818 2795 1028 2892 tonitruque
1053 2810 1236 2881 secutum,

136 2911 219 3010 Quo
245 2909 374 2985 domus
401 2938 446 2986 ac
472 2913 567 2984 muri
591 2929 628 2987 et
651 2914 764 2986 muris
789 2913 957 3011 'disposta
981 2911 1147 3012 supellex

139 3029 324 3124 Stennea,
351 3050 388 3105 et
412 3033 573 3107 insertae
598 3032 693 3105 lauri
717 3058 941 3133 mensaeque
965 3032 1114 3108 moveri.

139 3133 322 3224 Gontinuo
346 3153 502 3252 pavidae
526 3171 662 3227 matres
686 3154 726 3225 in
750 3180 870 3254 genua
893 3153 1037 3227 volutae

138 3271 257 3344 Jessei
281 3276 372 3347 vatis
397 3272 542 3374 trepido
568 3297 633 3346 ore
658 3260 826 3349 evolvere
849 3296 1018 3350 carmena
1250 3280 1322 3358 415

141 3391 208 3466 eui
230 3395 330 3464 Deus
356 3418 377 3464 e
404 3393 510 3466 coelo
535 3393 702 3493 adjutor,
724 3395 792 3468 sub
816 3395 989 3496 praeside
1012 3411 1117 3469 tanto

139 3511 204 3590 Nil
227 3514 372 3590 timeatx
398 3511 497 3584 dicet
520 3513 698 3606 Domino,
722 3533 762 3588 tu
785 3515 897 3589 rebus
921 3516 959 3587 in
985 3516 1097 3590 arctis

142 3633 239 3734 Spes
268 3651 305 3706 et
328 3632 547 3734 perfugium.
596 3637 678 3709 Nec
702 3637 822 3710 secius
847 3643 933 3709 a'e're
958 3635 1101 3736 grando

141 3756 288 3827 Interea
315 3753 407 3844 ruit,
434 3771 470 3827 et
493 3755 591 3829 venti
614 3774 823 3830 transversa
846 3757 1045 3829 frementes

144 4007 179 4057 v.
199 4007 259 4058 89⁹.
276 4006 308 4058 ln
325 4001 397 4059 Edit.
414 4007 512 4058 venet.
531 4009 600 4058 haee
616 4008 721 4058 tautum
740 4007 882 4072 leguntur:

353 4100 538 4152 Haeredes
560 4097 668 4164 regni
691 4097 867 4161 ingentis.

284 4186 488 4254 ceteramque
507 4193 543 4241 ad
559 4190 594 4241 V.
614 4191 665 4242 4⁰2
684 4190 786 4239 exclan.
807 4191 911 4240 derunt.

144 4280 179 4333 V.
198 4283 259 4334 tto.
279 4281 381 4334 confer
397 4283 470 4334 Psal.
488 4285 533 4334 90.
