2960 4908
1 2947 3 2966 l

126 245 197 322 sta
520 235 557 304 n
583 233 651 304 113
675 234 706 302 a
731 234 766 302 a
814 231 909 304 vm.

127 431 287 530 Quemre
311 425 435 500 locum
460 425 613 527 speres?
637 426 808 498 Alvearia
831 452 907 499 non
932 424 983 497 ita
1008 423 1145 496 densae

125 554 226 624 Intus
250 572 341 649 apes
368 548 522 650 stipant,
548 564 603 620 tot
629 545 781 618 confluit
805 546 1009 646 agminibus
1036 570 1140 644 gens,
1265 562 1310 630 00

127 669 267 772 §uincta
294 667 382 740 illue
406 691 634 768 properans3
660 667 772 765 inque
799 684 915 738 atram
940 664 1083 737 ludicra
1105 683 1254 739 noctem

124 794 236 862 Forte
261 788 383 879 ibunt,
407 787 640 886 reditumque
663 804 761 860 vetat
782 790 840 862 via
864 787 976 888 longa
999 813 1067 889 per
1094 812 1213 886 agros.

124 908 234 981 Haud
258 907 430 1007 equidem
453 907 574 1006 pretio
594 923 698 979 tanto
723 906 848 1006 placet
873 926 996 1008 empta
1021 905 1200 1007 voluptas.
1294 987 1296 994 Α

128 1028 236 1103 Adde
263 1025 364 1126 quod
387 1027 450 1100 ille
476 1053 588 1100 senex
613 1027 686 1098 ciet
708 1027 831 1126 ignes,
858 1039 945 1101 aera
968 1028 1104 1122 turbat,

124 1151 246 1248 Atque
269 1148 358 1248 polo
383 1147 567 1248 trepidam
592 1145 741 1219 deducit
756 1175 939 1220 murmure
965 1148 1107 1220 lunam:
1265 1162 1309 1230 85

128 1271 299 1370 Quasque
324 1267 423 1341 ridet
445 1267 586 1367 praedo
611 1285 737 1366 raptas
763 1269 860 1342 vehit
885 1295 951 1340 axe
976 1268 1118 1368 puellas

123 1390 301 1488 Egregius
322 1387 464 1479 forma,
490 1404 527 1459 et
552 1388 674 1460 coecis
701 1388 895 1460 abscondit
912 1389 950 1459 in
977 1389 1105 1464 antris.

123 1508 278 1583 Addidit
301 1526 468 1584 eventum
491 1509 609 1581 Dinae
633 1510 837 1609 vetitosque
862 1509 1100 1608 hymenaeos,

126 1630 227 1728 Quos
253 1629 379 1701 similis
405 1628 514 1700 traxit
537 1629 724 1702 muliebris
752 1656 845 1703 vana
871 1628 1018 1729 cupido.

125 1751 184 1823 Ne
208 1773 287 1839 me,
312 1748 449 1847 inquit,
473 1748 648 1846 precibus
673 1750 826 1838 rictam,
852 1773 899 1818 ne
926 1747 1081 1839 talibus,
1108 1775 1189 1839 ore,
1265 1765 1310 1832 90

128 1867 277 1966 Objice‚
303 1884 410 1955 nata,
434 1866 561 1954 malis,
589 1893 683 1964 quae
709 1894 813 1940 mens
836 1891 1018 1967 praesaga
1042 1870 1215 1950 minatur.

127 1987 498 2064 Talibusardentem
520 1985 684 2058 lacrimis
706 1987 884 2058 moritura
907 1988 1069 2060 tenebat.

126 2110 281 2208 Jamque
307 2109 448 2184 animos
475 2105 594 2205 dictis‘
608 2104 784 2206 paulatim
808 2109 1035 2207 incensaque
1061 2109 1176 2184 eorda

127 2231 313 2302 Mollierat
337 2225 506 2314 blandis,
532 2225 759 2327 melioraque
786 2247 950 2302 suaserat
975 2255 1107 2330 aegrae
1116 2257 1129 2325 3

128 2351 178 2423 Ni
204 2348 357 2449 supplex
381 2347 523 2443 juvenis
549 2371 705 2444 sponsus
732 2350 959 2448 comitesque
984 2349 1130 2450 puellae
1268 2365 1313 2434 95

129 2470 228 2550 Vota
253 2463 542 2539 inflammassent
566 2467 718 2555 iterum,
745 2473 942 2566 curamque
967 2470 1151 2544 levassent

130 2587 380 2660 circumfusae
406 2612 547 2662 omnes.
596 2589 720 2661 Lateri
744 2613 784 2659 se
811 2588 884 2661 fida
907 2591 1074 2690 juventus
1134 2595 1136 2602 ⁴

130 2707 328 2781 Custodem
351 2706 527 2806 spondet:
555 2707 651 2805 Quid
674 2735 768 2780 vana
790 2711 956 2810 pericula
980 2707 1147 2785 terrant?

131 2830 233 2929 Quae
257 2842 295 2898 te
312 2851 468 2924 cumque
485 2825 637 2897 adversa
648 2845 809 2916 manent,
836 2847 873 2900 et
891 2857 958 2903 nos
976 2857 1124 2930 quoque
1140 2848 1312 2932 poscunt.

131 2949 221 3020 Sors
248 2944 378 3018 eadem
403 2946 557 3040 cunctis.
606 2946 671 3018 His
697 2963 813 3030 mater
840 2947 999 3048 denique
1026 2951 1130 3041 victa,
1242 2967 1312 3032 100

127 3071 249 3166 Aegre
274 3084 463 3166 uteunque
485 3066 631 3153 ferens,
657 3067 817 3140 mediam
841 3070 1046 3169 penetravit
1070 3071 1108 3142 in
1133 3063 1265 3144 urbem

130 3187 340 3261 Undantem
364 3187 524 3287 populo,
550 3202 772 3285 gnatamque
798 3208 882 3262 ante
908 3217 974 3262 ore
999 3190 1132 3267 locavit

130 3309 247 3381 Multa
269 3308 422 3401 timens3
448 3307 675 3407 propiorque
698 3307 877 3407 Helymus
902 3311 1008 3382 trabe
1034 3310 1129 3383 sedit
1154 3335 1290 3382 acerna

130 3433 304 3504 Armatus
329 3426 449 3516 ferro,
475 3427 672 3500 discrimen
696 3427 736 3498 in
761 3455 869 3502 omne
893 3447 1057 3530 paratus,

127 3599 543 3616 Ἣ

132 3691 167 3743 V.
187 3695 220 3744 88
238 3692 354 3742 inlidit.
373 3691 470 3741 venet.
489 3705 543 3742 non
559 3689 678 3760 iegitur?

134 3780 169 3835 V.
188 3785 232 3836 89.
267 3783 338 3834 Edit.
360 3781 455 3832 Venet.
473 3781 542 3848 legit
560 3789 587 3834 et
604 3785 693 3834 addit:

339 3875 413 3934 Quos
432 3875 515 3924 traxit
533 3877 646 3937 cupidae
665 3875 804 3926 muliebris
822 3889 887 3928 eura
904 3875 1020 3938 puellae.

338 3966 447 4016 Addidit
465 3968 493 4016 et
509 3967 611 4016 vetitas
630 3967 729 4015 divinis
747 3967 852 4031 legibus
870 3973 944 4019 artes

338 4059 498 4122 Pythonum,
517 4058 640 4120 ludisque
660 4055 739 4112 nefas
757 4059 866 4110 adstare
883 4060 1013 4122 profanis.
1123 4083 1125 4089 ·

132 4148 167 4199 V.
186 4148 228 4201 99.
265 4146 355 4198 Editio
376 4147 495 4199 Veneta:

340 4238 415 4298 Quae
434 4243 461 4289 te
481 4253 593 4302 ctrmque
607 4241 728 4290 'adversa
746 4245 862 4308 manent,
880 4243 926 4293 vel
944 4243 968 4297 si
985 4245 1046 4293 ruat
1063 4233 1143 4294 axis‘l

339 4331 392 4378 Aut
410 4330 439 4379 vi
458 4331 572 4380 dissiliat
590 4332 685 4396 tellus,
705 4335 733 4382 et
749 4347 798 4383 nos
816 4347 922 4398 quoque
940 4337 1062 4396 poscunt.
