2990 4906
577 247 814 318 LIBER
854 249 915 323 111.

146 448 224 516 'l'er
239 429 344 544 lapsa
368 441 418 516 ad
439 459 578 516 terram
602 441 719 516 nubes
746 442 1080 544 Cocytia,⁵turmas

146 571 354 666 Exceptura
377 588 513 636 novas=
538 589 625 636 nam
646 563 786 664 passim
810 587 832 636 e
855 565 1007 667 rupibus
1030 565 1122 659 illis,
1200 585 1202 596 '

151 688 182 758 E
207 709 400 757 nemorum
424 681 596 774 latebris,
622 708 644 756 e
670 685 879 785 quercubus
905 705 1015 788 atque
1041 687 1207 762 cavernis

150 806 343 906 Cornigeri
368 804 506 905 egressi
529 804 621 878 socii
645 803 745 877 bella
771 831 949 904 armaque
973 825 1144 908 poscunt.

147 930 288 1001 Noctes
314 944 424 1026 atque
448 924 526 1000 dies
550 925 580 997 it
604 923 793 1000 flammeus
818 927 967 998 aethere
992 927 1100 1002 turbo

147 1046 383 1136 Horrendus,
408 1046 591 1146 terrisque
615 1045 780 1118 minans:
804 1045 953 1147 lateque
976 1072 1045 1147 per
1071 1073 1199 1122 omnes

153 1168 319 1246 Judaeae
344 1166 434 1237 fines
460 1166 598 1267 sparsis
624 1189 664 1238 se
688 1165 852 1240 turbinat
875 1166 958 1248 alis.

148 1289 280 1359 Donec
302 1303 360 1358 ter
385 1286 523 1360 circum
547 1287 647 1384 gyris
672 1285 882 1383 ingentibus
911 1305 1015 1362 actus

150 1407 227 1476 Ter
251 1431 365 1478 rauco
391 1405 518 1478 accitis
544 1404 655 1477 sociis
682 1404 887 1504 agrestibus
914 1433 991 1497 ore,
1265 1413 1337 1483 515

150 1526 194 1594 In
218 1541 394 1597 montana
417 1524 571 1597 Abarim
595 1549 776 1625 praeceps
800 1525 920 1616 cadit3
946 1543 1056 1627 atque
1080 1525 1133 1598 ibi
1158 1537 1340 1623 quotquot

155 1642 348 1734 Vallibus,
374 1660 410 1715 et
435 1643 614 1715 sterili'in
639 1643 769 1718 sabulo
792 1644 877 1719 loca
900 1664 1005 1721 vasta
1027 1645 1215 1736 tenebant,

150 1762 317 1834 Accolae
342 1764 542 1836 Avernales
568 1782 767 1837 occurrunt
790 1767 954 1867 undique
977 1768 1123 1858 Mormi,

151 1879 340 1957 Obscoeni
365 1883 533 1984 Triptes,
559 1884 704 1983 Aquili,
729 1889 900 1980 Lamiae,
925 1888 1217 1986 Emynomiqtre,

151 1999 398 2100 Lucifugique
425 2002 488 2074 alii
503 2003 701 2109 innumeri,
729 2021 767 2076 et
790 2007 893 2080 socia
908 1990 1243 2106 agmiua'jungunt.
1267 2011 1339 2082 320

249 2125 372 2211 Musa,
397 2121 488 2192 mibi
511 2120 676 2192 infernas
703 2149 811 2196 curas
835 2128 1065 2222 miserosque
1089 2123 1256 2211 labores,

150 2241 265 2312 Rixas
291 2257 401 2337 atque
428 2239 508 2310 lues
536 2263 712 2330 memora,
738 2267 958 2342 erroresque
982 2243 1134 2332 riarum,

151 2363 201 2431 Et
226 2358 347 2430 studia
371 2373 409 2430 ct
433 2384 554 2432 mores
579 2359 773 2461 insanique
798 2361 903 2464 orgia
928 2361 1045 2456 Ditis;
1121 2351 1125 2356 ’

155 2479 334 2577 Quaeque
360 2477 494 2579 procul
517 2481 657 2568 ratibus
682 2482 783 2553 miris
810 2482 932 2555 delata
953 2507 1022 2584 per
1046 2505 1155 2554 auras

152 2601 335 2671 Extremis
361 2597 471 2671 Asiae
495 2597 604 2672 turba
630 2601 834 2676 adventarit
858 2603 906 2676 ab
932 2603 1028 2676 crisa
1269 2608 1338 2676 sii

151 2719 275 2818 thue
297 2719 428 2817 ingens
454 2721 584 2793 castris
609 2720 654 2796 lis
680 2740 779 2814 orta,
804 2739 918 2823 utque
947 2745 1050 2796 arma
1070 2717 1230 2794 vicissim

153 2981 189 3033 V.
210 2983 271 3033 807.
290 2979 449 3044 cocytus
476 2966 644 3048 (Κωκυτὸς)
664 2984 763 3036 iuvius
781 2984 955 3050 Jnierorom,
986 2995 1004 3034 e
1028 2981 1123 3046 stygia
1144 2977 1243 3040 palude
1263 2985 1342 3026 enas-

259 3085 343 3140 cens,
364 3083 413 3135 pro
428 3073 542 3126 Tartaro
557 3079 676 3139 ponitur.
1197 3079 1199 3084 '

154 3183 190 3237 V.
205 3187 264 3238 81³.
287 3186 439 3250 iudaea,
463 3198 532 3249 quae
546 3189 671 3251 primitus
691 3184 855 3240 chananaea
868 3188 896 3235 et
908 3181 1067 3236 Palaestina
1080 3181 1230 3244 dicebatur,
1247 3175 1343 3226 stricte

258 3279 397 3342 regionem
419 3276 621 3345 complectitur,
651 3291 731 3342 quam
756 3275 844 3328 tribus
864 3276 938 3326 iuda
958 3277 984 3325 A
1009 3268 1151 3338 Benjamin
1178 3269 1343 3332 incolebant,

260 3367 341 3418 iatius
353 3377 421 3416 vero
435 3367 468 3416 de
488 3370 560 3419 omni
575 3370 731 3422 Palaestine
751 3371 906 3432 usurpetur.
922 3365 981 3421 Cir.
995 3365 1053 3416 Jos.
1073 3363 1138 3413 beli.
1150 3358 1209 3428 jud.
1225 3361 1272 3411 111.
1282 3361 1343 3425 s,5.

155 3480 191 3534 V·
214 3482 274 3536 ³18.
296 3480 440 3531 Abarim
458 3483 522 3531 sunt
545 3486 650 3533 montes
678 3484 748 3533 citra
774 3482 941 3545 Jordanem,
966 3488 1158 3542 quorumnam
1183 3473 1271 3538 Nebo,
1297 3468 1345 3518 uhi

259 3575 379 3623 Mcsese
397 3572 457 3622 vita
481 3573 607 3623 decessit.
643 3573 722 3624 Num.
740 3575 784 3641 83,
798 3577 841 3626 47.
860 3573 940 3622 Deut.
959 3573 1002 3638 32,
1020 3571 1065 3622 49.

155 3694 191 3748 V.
208 3697 268 3748 ³18.
287 3697 408 3751 Morml
427 3679 577 3765 (μορμών)
602 3698 708 3748 formae
723 3699 877 3762 terrentes,
895 3688 1016 3757 spectra:

156 3818 191 3868 V.
206 3822 266 3872 319.
290 3823 435 3883 Tristes
464 3807 593 3890 (τρίπτης
614 3835 632 3874 a
651 3805 756 3888 τρίβου)
781 3818 917 3871 hominum
939 3818 1086 3870 vexatores
1111 3811 1136 3860 ὰ
1167 3801 1343 3868 crudam·

261 3923 383 3984 Aquili
405 3925 424 3974 i.
448 3937 474 3987 q.
498 3925 580 3991 fusci,
610 3923 680 3988 nigri
707 3923 767 3974 scil.
787 3921 1007 3972 cacodaemones.
1043 3911 1188 3966 Lamiae
1212 3885 1343 3970 (λάμῑαῐ)

260 4013 400 4064 veneficae
419 4016 548 4066 mulieres
572 4015 615 4081 (Ιι.
634 4015 653 4064 l.
668 4009 997 4074 cacodaemones),
1025 4017 1096 4070 quae
1120 4001 1239 4052 infantes
1255 4002 1283 4048 et
1296 3999 1345 4048 ed·
1380 4058 1384 4066 Ι

261 4116 416 4165 olescentes
438 4118 616 4168 devorabant.
652 4115 718 4166 lior.
738 4117 771 4164 A.
791 4115 820 4164 P.
851 4115 910 4164 340.
946 4105 1152 4174 Eurynomi
1169 4107 1229 4167 (ab
1255 4081 1345 4169 εὐρύς

253 4221 287 4274 dt
302 4201 408 4286 educta)
434 4219 493 4270 lato
506 4221 670 4282 imperantes
682 4219 707 4268 i.
721 4217 739 4267 l.
756 4213 829 4281 genii
840 4213 914 4264 mali.
926 4209 962 4279 11,
975 4213 1019 4262 iti.

156 4309 192 4362 ν.
212 4311 389 4366 ozenias.
426 4311 587 4378 caiae.
1085 4383 1138 4471 μ
