2960 4908
137 289 208 355 rso
400 293 403 300 ·
579 269 945 342 Manava.

138 472 171 544 0
198 494 284 569 age,
309 467 389 562 dic,
416 493 503 558 oro,
527 464 732 564 seriemque
758 465 816 580 ab,
831 465 971 564 origine
996 463 1126 538 miram

138 588 276 688 Incipe.
327 588 524 661 Foemineo
550 584 656 658 simul
680 585 782 657 illam
806 610 992 658 murmure
1010 611 1146 684 magno

139 708 371 781 constituunt
396 724 505 780 coetu
527 707 566 778 in
589 704 733 796 medio,
760 705 1035 805 interruptaque
1060 729 1178 804 pensa
1252 715 1323 783 220

137 829 328 930 Paulisper
352 843 514 928 ponunt,
539 851 691 924 remque
714 851 860 898 omnem
888 825 1015 898 audire
1041 825 1225 902 laborant.

138 949 241 1049 Quae
267 947 372 1020 simul
396 972 441 1019 ac
462 947 551 1022 ridit
576 945 816 1020 conversam
840 973 880 1019 se
906 945 1167 1045 ora,rub0re,

76 1136 78 1150 ,
137 1069 187 1140 Ut
211 1068 351 1159 decuit,
378 1067 515 1141 suffusa
539 1091 674 1168 genas,
700 1065 897 1138 formidine
921 1066 1071 1140 tandem

135 1188 334 1288 Deposita,
360 1188 415 1261 sic
439 1211 526 1260 orsa
550 1185 672 1288 loqui:
697 1189 780 1262 Jam
802 1188 891 1259 talia
916 1186 1053 1259 dudum

140 1306 398 1398 credideram,
421 1307 562 1398 fateor,
588 1285 717 1382 vestris
744 1332 890 1406 quoque
917 1305 1033 1378 didita
1056 1304 1176 1394 terris,
1253 1315 1322 1385 225

135 1427 215 1498 Nec
240 1411 390 1500 latuisse
416 1451 557 1500 sonum.
609 1428 687 1501 Sed
711 1426 859 1528 quando
884 1427 1043 1526 ingentis
1070 1424 1117 1497 ad
1143 1449 1250 1496 aures

134 1545 297 1645 Prodigii
321 1550 440 1620 tenuis
466 1550 523 1623 rix
546 1575 672 1621 rumor
697 1573 852 1646 seraque
877 1546 978 1618 fama

133 1664 300 1756 Accidit,
320 1669 402 1767 ipsa
428 1667 544 1740 oculis
571 1694 666 1766 quae
689 1691 867 1768 praesens
892 1665 1047 1738 testibus
1073 1664 1191 1753 hausi,

134 1784 338 1884 Expediam
360 1787 491 1885 paucis
499 1814 511 1880 3
537 1813 609 1859 nec
634 1788 733 1858 enim
758 1787 838 1858 sine
864 1779 1013 1858 nuniine
1040 1783 1164 1856 dirum
1237 1787 1239 1792 ’

134 1903 199 1975 His
227 1929 295 2003 ego
321 1922 438 2005 nupta
463 1907 539 1978 oris
563 1907 712 1996 vestris,
736 1931 808 1977 nec
833 1905 972 1976 inutilis
997 1905 1140 2001 hospes
1252 1913 1322 1982 23⁰

132 2024 289 2096 Munera
305 2049 420 2124 parva
445 2026 533 2127 olim
557 2025 731 2104 referam.
779 2025 983 2098 Bethlemia
1006 2024 1045 2095 in
1072 2049 1160 2098 arra

132 2144 289 2218 Visendi
313 2146 434 2218 studio
462 2145 699 2245 (undecimus
723 2147 799 2244 jam
820 2148 972 2220 vertitur
998 2145 1134 2242 annus)

130 2263 192 2336 Ad
216 2245 342 2339 Jesum
365 2267 546 2339 infantem
570 2284 762 2366 pastorum
789 2266 941 2339 credula
966 2264 1074 2336 dictis

129 2385 240 2454 Forte
266 2384 360 2455 ierat
384 2401 515 2464 mater,
567 2385 659 2458 Sera
684 2385 770 2457 dein
794 2403 904 2459 nocte
928 2409 1077 2459 reversa
1105 2395 1109 2405 ‘

130 2501 352 2601 Engaddum
376 2503 501 2604 pluvio
527 2506 647 2576 imbre
673 2505 791 2594 {lucus
813 2505 1069 2602 lutulentaque
1092 2525 1223 2588 coeno,
1249 2511 1319 2577 235

48 2632 53 2641 “
131 2622 181 2694 Ut
205 2649 326 2718 nunc,
351 2625 548 2696 hibernum
573 2627 672 2698 circa
697 2627 820 2724 ignem
846 2643 882 2698 et
906 2624 1049 2698 fumida
1073 2622 1186 2719 ligna,

130 2741 229 2812 Dum
254 2742 486 2841 chlamydem
509 2747 633 2841 ponit,
658 2746 826 2817 madidos
853 2745 941 2818 dum
966 2745 1082 2816 siccat
1105 2740 1272 2827 amictae,

131 2859 317 2932 Narrabat
341 2861 473 2951 nobis,
499 2885 595 2959 quae
621 2862 774 2938 viderat.
824 2867 925 2953 Heu,
951 2862 1087 2961 quibus'
1110 2859 1177 2930 illa

129 2979 245 3053 Ebria
271 2981 413 3055 deliciis
438 2982 559 3054 miris!
587 3007 681 3080 quae
705 2981 783 3054 risa
809 2982 983 3054 canebat!

128 3101 209 3172 Nec
234 3099 316 3176 finis
343 3102 448 3176 fandi
475 3129 585 3202 quam
611 3101 672 3174 dia
695 3127 881 3202 puerpera
888 3133 899 3198 3
925 3119 1015 3201 quot
1041 3125 1081 3172 se
1248 3107 1318 3184 240

129 3219 301 3292 Vinctam
326 3222 380 3293 illi
408 3222 700 3318 obstrictumque
727 3223 844 3312 modis
852 3253 864 3317 3
894 3248 1004 3323 quam
1030 3218 1207 3292 candidus
1233 3220 1326 3308 illic,

132 3340 250 3437 Quam
273 3365 402 3416 roseus
426 3346 520 3414 Puer
544 3344 729 3431 inventus,
745 3369 866 3442 ,quam
892 3341 1030 3440 frigore
1055 3365 1175 3440 paene

130 3462 315 3535 Exanimis
341 3463 468 3534 miser!
496 3463 528 3535 Ο
555 3461 693 3560 qualis!
718 3465 780 3561 qui
803 3463 925 3563 fulgor
949 3466 1098 3540 ocellis!

127 3582 229 3653 Mille
254 3580 373 3654 modis
398 3583 506 3654 variis
534 3607 660 3654 secum
686 3580 891 3655 dulcedinis
916 3585 1069 3658 haustae

127 3703 159 3772 It
183 3703 331 3774 volvens
359 3702 481 3773 animo
508 3725 656 3791 sensus,
684 3693 793 3801 atque
820 3704 988 3803 exprimit
1013 3731 1089 3776 ore.
1244 3705 1316 3780 205
1350 3711 1353 3718 “

128 3908 162 3957 V.
180 3911 240 3961 219.
259 3911 323 3961 Edit
340 3912 437 3962 venet.
457 3925 506 3974 pro
526 3925 650 3978 magno
668 3915 744 3975 ponit
763 3915 873 3964 circum.

94 3997 163 4049 Ὗ.
183 3995 243 4054 201.
261 4005 478 4054 Bethlehem
503 4005 637 4062 (domus
660 4005 781 4072 panis,
806 4008 840 4056 ot>
865 4003 1002 4069 ingentem
1029 4003 1160 4054 frumenti
1188 4001 1320 4066 copiam),

268 4091 346 4159 enjus
368 4109 466 4146 nomen
490 4097 629 4159 antiquum
646 4097 820 4162 aphram,
847 4097 875 4147 in
899 4097 972 4146 tribu
989 4096 1062 4149 Jnda
1089 4099 1151 4147 erat
1168 4095 1230 4146 sita·
1251 4093 1321 4143 Gen.

271 4188 314 4250 05,
333 4187 376 4237 19.
396 4188 496 4238 Enseb.
515 4189 548 4238 d'e
565 4187 619 4239 loc.
638 4190 712 4240 hebr.

127 4275 163 4326 V.
183 4279 243 4329 24³.
263 4278 334 4327 Edit.
353 4279 451 4328 Venet.
470 4281 550 4346 legIt:

335 4369 487 4419 Exanimis!
508 4375 594 4434 qualis
611 4373 718 4438 superi!
744 4377 788 4438 qui
807 4375 897 4440 fulgor
917 4371 1027 4426 ocellis!
1047 4355 1050 4366 ¹
1091 4375 1095 4393 ¹
