2990 4906
584 225 827 330 urana
874 226 935 298 m.
1170 297 1172 306 ,
1306 242 1352 320 49

168 424 272 497 lusto
297 419 476 519 majorem
499 420 746 502 transmittere
769 421 897 496 nititur
921 445 1045 496 eseam
1336 519 1338 528 y

171 545 431 616 Transversam
456 537 594 638 jugulo.
641 541 809 640 Dumque
833 541 1003 642 improba
1028 543 1130 643 fingit
1153 546 1289 622 acerbo

169 661 218 734 Se
242 660 330 734 fletu
354 659 468 734 nimio
493 685 726 760 oppressam,
751 686 822 734 nec
843 686 956 761 posse
981 663 1170 762 loquelam

167 785 348 870 Exercre,
373 797 411 852 et
433 779 515 854 velo
541 783 681 855 interea
705 807 788 856 sese
814 783 950 854 arctius
977 782 1080 856 abdit

164 903 330 974 Intentos
356 899 485 973 oculos
509 918 674 982 metuens
701 900 778 998 (res
803 900 915 974 foeda
940 902 1110 1002 relatui),
1281 918 1352 990 260

163 1020 343 1094 Paulatim
367 1037 476 1120 rupto
500 1021 699 1120 prodibant
723 1036 878 1119 utraque
903 1019 979 1094 lino
1322 1001 1324 1008 Ι

163 1139 360 1214 Cornicula
385 1159 511 1215 exacta
536 1141 585 1216 ad
608 1161 755 1216 tornum
778 1140 987 1241 turpissima
1003 1141 1104 1238 risu,

164 1260 360 1330 Emicuere
385 1260 489 1359 ignes
515 1261 631 1335 oeulis
658 1278 695 1332 et
718 1276 884 1358 tempore
906 1258 1037 1332 eodem

164 1379 236 1449 Pes
262 1376 404 1450 lubrica
430 1403 450 1452 e
476 1381 580 1454 solea
603 1381 713 1478 fugit,
736 1377 982 1476 titudinaquae
1006 1403 1132 1450 coram

165 1495 313 1595 Ungula
337 1497 517 1572 subducta
538 1501 577 1572 in
601 1498 718 1572 solem
742 1495 961 1568 foedissima
982 1497 1092 1574 venit.
1280 1516 1352 1588 265

165 1613 360 1714 Diriguere
383 1636 682 1711 metu-cunctae,
709 1617 816 1690 simul
842 1607 986 1716 agmine
1012 1616 1113 1691 facto

113 1814 117 1830 ἱ
166 1733 288 1831 Terga
313 1733 468 1809 dabant:
494 1739 610 1811 tenuit
632 1737 767 1836 Virgo,
795 1761 1025 1837 excussoque
1050 1761 1187 1838 pavore

165 1849 400 1926 Obscoenam
423 1857 582 1931 vetulam
607 1858 775 1932 certatim
799 1883 983 1932 murmure
1008 1882 1145 1958 magno

165 1969 349 2046 sandaliis
374 1976 476 2072 jactu
501 1977 665 2065 alterno,
692 1975 862 2074 saxisque
888 1977 1043 2074 petitam

164 2090 729 2194 Turbapuellaruminsequitur.
773 2093 882 2191 Fugit
892 2093 969 2183 illa,
984 2116 1253 2188 cavernamque
1279 2105 1350 2176 270

165 2207 353 2310 Occupat:
380 2211 467 2283 inde
493 2212 595 2282 efflat
619 2237 728 2308 pave
748 2209 911 2281 olentem
934 2210 975 2280 in
994 2208 1118 2280 limine
1143 2211 1295 2290 fumum.

169 2327 251 2426 Quo
287 2328 379 2400 socii
403 2326 502 2400 haud
528 2327 638 2428 longe
663 2326 890 2419 tremefacti,
910 2327 950 2399 in
974 2345 1075 2402 veste
1099 2329 1256 2412 latentes

165 2447 387 2542 Foemince,
411 2447 527 2522 falsos
551 2473 709 2548 pueros,
734 2447 945 2546 luctumque
969 2449 1092 2548 parati

163 2564 307 2638 Inferre
332 2567 371 2638 in
395 2568 581 2662 medium3‘
601 2568 794 2642 condictae
819 2565 882 2637 ubi
907 2565 1049 2640 fraudis
1074 2568 1222 2642 inanem

164 2684 386 2759 Successum
409 2685 553 2778 videre,
579 2713 706 2761 nemus
732 2685 896 2776 subiere,
918 2710 989 2757 nec
1015 2688 1094 2760 ausi
1279 2703 1351 2776 275

161 2804 314 2878 Prodire
340 2807 378 2877 in
403 2833 573 2882 scenamr
601 2807 724 2881 densis
748 2807 788 2876 in
812 2805 970 2879 nubibus
990 2826 1115 2884 errant

162 2924 350 2999 Nazareos
376 2926 490 3000 colles
516 2929 654 3000 circum
677 2927 871 3024 vicinaque
896 2951 995 3017 rura,

162 3043 353 3144 Ancipites
380 3047 471 3144 quid
490 3063 618 3145 agant,
646 3072 719 3145 quo
741 3069 802 3116 res
827 3041 1076 3144 meditataque
1101 3063 1267 3146 vergant.

260 3155 360 3237 Ecce
385 3183 523 3255 autem,
547 3183 745 3266 postquam
768 3163 842 3261 jam
869 3160 1006 3236 dudum
1027 3165 1139 3265 Virgo
1167 3184 1322 3267 penates

161 3283 340 3374 Intrarat,
360 3309 545 3384 purasque
571 3311 699 3358 manus
723 3281 901 3357 tendehat
927 3281 1098 3383 Olympo,
1278 3301 1351 3372 280

161 3403 334 3476 Fundens
359 3405 428 3476 rite
453 3429 604 3506 preces,
631 3405 739 3506 stygii
761 3387 866 3474 haud
885 3400 1014 3499 ignara
1037 3404 1181 3504 pericli,

161 3523 282 3613 Ecce,
307 3524 470 3624 inquam,
495 3524 637 3598 foribus
660 3513 856 3626 patefactis
882 3521 1036 3594 nuncius
1062 3523 1150 3596 Ales

155 3635 288 3716 'astitit
312 3661 397 3718 ente
424 3643 571 3736 oculos,
596 3669 779 3742 roseoque
805 3641 898 3712 haec
924 3665 988 3711 ore
1009 3641 1170 3717 loeutus:

160 3762 280 3848 „Diva
302 3763 400 3862 poli,
425 3763 482 3838 his
501 3767 658 3836 Puerum
682 3780 792 3862 teque
818 3759 920 3832 ocius
947 3760 1049 3862 eripe
1074 3764 1202 3857 tectis,

156 4031 192 4084 V.
217 4035 268 4086 262
294 4047 369 4099 seqq.
387 4036 459 4088 Edit.
471 4037 597 4092 Veneta:

266 4123 428 4190 comicum
453 4130 589 4180 emicuere
609 4129 705 4196 ignes,
726 4131 754 4178 et
772 4130 894 4189 tempure
917 4126 1014 4176 eedem

267 4219 400 4271 Lubrtcus
422 4220 532 4272 esolee
545 4233 594 4284 pes
617 4221 689 4286 tagit
708 4221 860 4283 equiuaque
879 4227 972 4267 eoram

161 4305 271 4363 V-tut.
289 4309 362 4362 nus
375 4311 476 4364 venet.
496 4325 545 4378 pro
569 4313 787 4366 laetissima
806 4311 825 4366 l.
849 4309 999 4362 murrina.

1117 4403 1237 4478 4.
