2960 4908
574 261 901 349 urura'vr.

159 478 323 553 Delicias
348 475 463 576 fugis:
488 477 569 577 ipse
593 493 834 573 autequuae
851 464 1005 546 cernere
1029 471 1154 562 velles,
1237 481 1241 490 ’

160 601 347 699 Hespero,
374 615 508 672 cuncta
532 597 649 697 fugas.
699 597 757 665 En
783 593 905 665 sidera
930 615 1060 691 sparsa
1083 609 1255 694 repente,

160 719 479 819 Praecipitemque
504 718 630 817 fugam
655 716 745 788 solis
769 731 992 812 noctemque
1017 730 1186 785 ruentem
1276 729 1346 799 205

160 839 352 913 Parthenia
377 839 460 939 ipsa
485 837 597 910 dolet.
647 839 729 910 Jam
754 855 922 935 tempora
948 832 1102 932 cyclade
1127 835 1241 928 velat,

160 961 448 1057 Discessumque
474 975 601 1056 parat:
627 955 783 1046 P'rocul,
810 955 949 1055 inquit,
975 957 1013 1025 in
1039 952 1156 1026 ardua
1178 973 1279 1032 tecta

160 1081 255 1152 Sera
281 1078 379 1167 dies,
405 1079 531 1170 Pueri,
558 1094 727 1168 revocat,
754 1074 1039 1177 superandaque
1065 1074 1168 1147 vallis
1177 1104 1190 1170 3

157 1204 303 1299 Perque
329 1223 474 1271 sacram
496 1197 698 1296 relegenda
721 1200 853 1269 iterum
876 1197 1028 1294 vestigia
1053 1195 1192 1272 silvam.

160 1319 225 1390 Sic
251 1317 326 1391 illa.
376 1321 426 1390 At
451 1319 575 1390 senior
599 1335 700 1391 rates
725 1318 888 1416 suspexit
913 1343 1095 1405 eremum,
1277 1329 1347 1398 210

163 1438 323 1510 Carmeli
348 1437 395 1510 ad
421 1463 589 1510 normam
614 1437 747 1509 veteris
773 1453 872 1508 tecta
899 1437 1014 1509 ardua
1040 1435 1135 1509 colle

161 1557 381 1648 Palmifero,
408 1573 518 1656 atque
545 1556 632 1628 illuc
658 1557 717 1630 bis
744 1556 889 1630 sustulit
914 1558 961 1630 ad
985 1558 1071 1656 juga
1097 1557 1277 1648 dextram,

162 1675 443 1776 Clamoremque
469 1677 571 1747 dedit
592 1695 738 1767 notum,
763 1678 952 1777 tenuitque
974 1703 1174 1779 parumper

161 1795 376 1867 Sollicitam
391 1799 548 1867 Matrem
574 1795 700 1885 dictis,
727 1813 839 1896 atque
865 1799 972 1871 altius
998 1824 1063 1871 ore

160 1914 275 2012 Signa
300 1912 402 1987 dedit
425 1941 582 1987 rursum.
633 1921 733 1988 Ecce
756 1934 878 1987 autem
905 1915 1091 2014 (mirabile
1115 1915 1228 2016 visui)
1278 1904 1376 1998 215⁴

160 2036 342 2135 Quattuor
366 2059 386 2104 e
412 2051 537 2105 monte
564 2033 752 2135 alipedeS‚
777 2059 824 2105 en
849 2060 978 2109 currus
1004 2035 1051 2108 ab
1078 2035 1153 2110 alto

159 2155 387 2244 Flammam,
414 2153 610 2252 elatusque
638 2153 785 2224 Cherub
812 2156 938 2254 auriga
961 2155 1115 2254 jugales,

160 2275 261 2346 Lora
284 2293 437 2364 tenens,
464 2298 606 2343 summo
633 2273 680 2343 de
705 2273 840 2349 vertice
867 2274 972 2346 collis
999 2273 1143 2374 agebat.

163 2392 290 2491 Qualis
317 2392 380 2464 ubi
404 2392 443 2463 in
468 2410 616 2464 noctem
641 2391 748 2490 vulgo
774 2392 898 2467 media
921 2395 1013 2466 urhe
1039 2412 1171 2468 coacto

161 2513 334 2583 Machina
350 2513 556 2612 'flagraturo
581 2514 710 2612 ingens
734 2513 810 2611 jam
834 2530 1002 2615 tempore
1026 2513 1139 2614 longo
1276 2523 1349 2591 220

163 2632 383 2732 Spectantes
408 2634 546 2724 tenuit,
573 2659 654 2704 cum
680 2634 838 2732 primum
863 2634 1021 2706 eulmine
1047 2633 1094 2706 ab
1121 2633 1195 2706 alto

160 2757 233 2824 Per
256 2754 381 2825 funem
407 2770 470 2824 aut
494 2753 635 2852 aquila,
663 2771 726 2826 aut
752 2753 850 2825 alato
876 2773 1022 2854 tergore
1047 2777 1201 2855 serpens

160 2873 293 2946 Sibilat
318 2901 383 2948 ore
408 2873 533 2945 ferens
559 2873 732 2945 incendia
740 2901 752 2968 3
778 2873 900 2974 plebis
925 2875 1076 2962 hiantis,
1170 2947 1176 2953 .

162 2996 239 3067 Ora
263 2995 464 3092 oculosque
489 2993 588 3090 rapit
610 2993 758 3064 flamma
782 2995 980 3092 improvisa
1004 3019 1072 3091 per
1098 3015 1228 3076 auras:

161 3113 270 3184 Haud
296 3113 402 3184 aliter
426 3111 509 3182 miri
533 3110 729 3183 veniebant
753 3114 899 3183 tramite
924 3129 1027 3184 recto
1274 3121 1349 3194 225

106 3303 113 3320 2
163 3231 379 3333 Quadrijugi
404 3231 575 3304 ardentes
600 3231 871 3332 flagrantesque
897 3257 963 3304 are
990 3228 1202 3330 quadrigae.

162 3354 284 3452 thue
310 3354 427 3427 solum
462 3353 615 3452 tetigere
640 3370 760 3446 rotae,
788 3353 981 3457 propiusve
1007 3352 1188 3451 quierunt,

1099 3457 1144 3538 s

162 3659 196 3710 V.
215 3662 276 3712 2⁰4.
295 3662 476 3725 Hesperus
505 3645 668 3732 (Εσπερος)
687 3659 769 3714 stello
787 3657 896 3726 dicitur,
915 3669 976 3706 enm
990 3658 1174 3727 subsequitur,
1199 3655 1351 3710 Lucifer

204 3747 413 3835 (Φωσφόρος),
433 3781 494 3819 cum
513 3768 699 3836 antegreditur
710 3763 806 3817 solem.
823 3761 902 3826 virg.
919 3759 979 3813 Eci.
1000 3762 1044 3829 10,
1063 3762 1106 3811 77.

161 3855 197 3906 V.
217 3858 278 3908 211.
299 3858 465 3913 Carmeli.
503 3860 560 3910 Gir.
579 3861 604 3928 1,
629 3859 691 3911 484.

162 3946 197 3996 V·
217 3949 277 4000 21⁷.
297 3948 432 4002 Cherub
451 3952 569 4020 (potens,
587 3947 678 4015 tortis)
697 3950 723 3998 i.
741 3945 760 3997 l.
779 3944 902 4012 angelus.
926 3941 1070 3995 Cherubim
1085 3944 1114 3990 et
1128 3937 1348 4004 sublimiorsAn-

301 4042 424 4108 gelorum
440 4045 559 4110 agmina
578 4047 607 4094 et
619 4044 723 4108 figurae
736 4039 924 4090 Hebraeorum
939 4033 1108 4098 symbolicae
1123 4036 1187 4085 sunt
1198 4030 1306 4098 (lueet
1320 4035 1346 4098 1,

302 4138 399 4188 t-io.
418 4146 442 4184 e.
461 4136 505 4201 10,
524 4131 648 4198 14-20).
668 4107 726 4182 cir.
742 4131 851 4191 Lamy
869 4130 903 4178 de
916 4127 1056 4178 tabemee.
1075 4123 1148 4176 foed.
1166 4137 1193 4190 p.
1216 4126 1270 4180 474
1287 4134 1346 4187 sqq.

163 4225 197 4276 V.
218 4229 277 4278 219.
295 4228 366 4278 Edit.
385 4228 493 4276 Veneta
507 4238 556 4287 pro
569 4225 693 4289 qualis
708 4224 768 4276 ubi
784 4222 865 4288 legit:
885 4231 920 4270 sc
938 4217 1035 4268 veluti.

163 4317 197 4366 V.
217 4319 277 4370 220.
295 4320 367 4370 Edit.
386 4319 455 4368 ven.
473 4328 523 4380 pro
538 4311 611 4381 jam
628 4317 647 4368 l.
666 4315 720 4366 ubi.
