2960 4908
131 170 203 282 ros
540 198 664 308 ura
686 199 720 310 n
744 199 779 270 n
829 199 889 270 vr.

129 395 300 494 Namque
324 394 417 466 haee
441 392 481 464 in
505 390 611 468 uiridi
634 409 764 494 prato3
796 391 836 487 in
859 392 966 467 viridi
990 419 1138 494 quoque
1163 413 1272 497 prato

128 515 198 588 llla
222 514 372 612 domus3
400 513 524 588 domui
549 513 780 588 contermina
805 539 950 588 eremus
983 515 1143 614 utrique,

129 639 179 708 Et
201 659 347 710 sacrum
370 661 497 708 nemus
524 651 561 708 et
585 633 721 726 fontes,
746 650 784 706 et
807 631 977 732 plurima,
1005 660 1100 733 quae
1125 661 1224 710 nune

129 753 239 826 Haud
262 781 466 828 memorare
494 772 612 830 vacat.
660 753 827 829 Paradisi
853 754 920 827 sed
941 773 1065 828 tamen
1096 756 1237 846 hortuS,

129 875 279 950 Divinas
306 873 419 948 aedes
443 904 535 976 gyro
562 873 630 976 qui·
650 873 828 974 plurimus
853 875 979 964 ambit,
1275 891 1322 959 75

129 994 243 1069 Paulo
269 995 375 1068 aliter
399 997 552 1097 positus.
605 997 781 1072 Verbana
806 996 907 1068 haud
932 995 1097 1069 discolor
1122 996 1175 1070 illi

129 1116 264 1206 Insula,
291 1115 340 1188 ad
366 1143 472 1190 eoum
498 1143 571 1216 qua
596 1116 865 1189 formosissima
893 1115 1010 1190 solem
1142 1206 1143 1216 ἵ

129 1236 259 1335 Vergit
282 1262 402 1338 opaca
426 1236 560 1334 cedris,
586 1240 906 1335 Borromaaosque
931 1253 1087 1336 penates

127 1357 296 1456 Desuper
321 1375 501 1458 aspectat.
552 1358 706 1430 Multum
731 1355 785 1428 illi
811 1375 848 1430 et
874 1358 1016 1432 Montio
1042 1356 1142 1447 villa,

128 1475 291 1549 Pinifero
318 1504 391 1576 qua
415 1477 677 1552 subterlabitur
701 1478 836 1551 Addua
863 1481 1003 1579 Vapro,
1277 1487 1347 1558 80·

128 1594 328 1694 Meltiaque
355 1600 503 1698 aspirat.
556 1603 787 1699 Quamquam
811 1601 907 1672 haee
933 1592 1104 1699 mortalia
1129 1595 1242 1694 longo

128 1720 218 1789 Post
242 1743 281 1788 se
306 1717 496 1793 intervallo
522 1720 666 1818 species
691 1717 756 1790 illa
782 1744 894 1790 aurea
918 1717 1055 1816 linquit

128 1839 282 1937 Antiqui
305 1837 437 1937 Elysiiz
454 1861 538 1936 'quo
564 1865 623 1932 me
648 1857 734 1938 post
758 1837 910 1910 horrida
938 1836 1039 1910 bella

129 1959 211 2030 Jam
234 1958 372 2031 fessum
397 1958 511 2032 series
536 1939 680 2034 rursdm
705 1976 812 2031 vooat
837 1958 967 2030 ordine
993 1983 1117 2054 rerum
1126 1983 1139 2050 3

129 2080 332 2178 Invitatque
357 2080 491 2151 chorus
517 2079 647 2154 Divum
670 2079 942 2178 peregrinaque
966 2078 1095 2176 Virgo,
1279 2089 1323 2158 85

132 2200 249 2298 Quam
275 2197 380 2272 caelo
405 2200 586 2276 invectam
610 2198 722 2299 paulo
749 2216 833 2270 ante
858 2197 916 2272 his
942 2197 1113 2297 liquimus
1146 2197 1251 2270 arvis.

226 2320 296 2392 Hie
322 2319 399 2410 illa,
419 2321 480 2392 hie
505 2320 641 2418 gemini
665 2344 787 2416 prono
813 2318 892 2415 jam
918 2316 998 2390 sole
1024 2316 1158 2417 puelli=

128 2442 234 2511 Tune
260 2436 415 2511 aderant
422 2466 435 2533 3
466 2439 678 2537 pariterque
706 2437 834 2522 aderat
857 2437 1078 2511 venerabilis
1106 2462 1196 2512 aevo

128 2555 301 2632 Fervidus
324 2557 387 2630 ille
413 2583 536 2647 senex,
561 2575 687 2658 raptus
711 2557 775 2656 qui
800 2556 967 2630 curribus
1002 2556 1121 2657 igneis

131 2678 288 2751 Sederat
311 2679 367 2750 his
390 2673 577 2775 quondam
603 2675 798 2749 Thesbites
824 2676 966 2749 advena
990 2677 1141 2778 eampis.
1277 2693 1323 2760 90

131 2798 206 2873 Olli
231 2799 384 2872 canities
409 2813 534 2866 mento
560 2794 703 2885 diffusa,
722 2794 865 2894 pruinis

130 3027 166 3078 V.
184 3030 219 3080 ’76
237 3031 265 3080 et
282 3032 326 3085 ¹78.
344 3031 421 3084 Duae
435 3033 540 3082 Insulae
552 3029 758 3082 laeusverbant
773 3029 849 3094 ssago
862 3029 1026 3097 maggiore),
1046 3028 1120 3080 bola
1136 3030 1209 3080 bella
1219 3034 1246 3079 et
1255 3032 1324 3082 isola

252 3123 356 3191 madre,
377 3123 510 3174 comitum
521 3125 748 3176 Borromaeorum
769 3127 856 3187 erant,
880 3121 925 3182 qui
946 3116 1006 3184 jam
1025 3123 1136 3173 saeculo
1150 3122 1217 3172 xlv
1241 3125 1327 3172 totum

252 3212 312 3262 fere
328 3217 444 3265 tractum
464 3215 539 3264 circa
550 3215 640 3265 lacum
654 3215 810 3264 Verhauum
825 3215 953 3263 habuisse
970 3213 1105 3281 feriretur,
1124 3227 1178 3276 qua
1196 3229 1231 3264 ex
1246 3219 1327 3278 gente

253 3307 328 3354 ortus
345 3307 372 3356 Ι.
392 3307 541 3359 Carolus
559 3309 795 3358 Borromaeus
815 3308 884 3364 (nat.
912 3307 992 3374 1³38,
1011 3311 1090 3358 mort.
1110 3307 1208 3374 1³94),
1238 3307 1329 3361 arcui-

253 3396 396 3460 episcopus
414 3400 523 3450 Mediol.
541 3398 657 3450 maxime
673 3397 810 3446 excelluit.

131 3487 166 3540 V.
185 3489 228 3540 tt.
249 3490 390 3544 Montia.
410 3494 507 3544 Mouza
525 3495 590 3544 urbs
606 3491 641 3540 ad
649 3490 794 3538 Lambrum
807 3491 915 3556 flumen,
935 3491 1007 3542 haud
1017 3490 1112 3552 procul
1129 3502 1146 3540 a
1161 3490 1326 3541 Mediolano.

131 3579 166 3632 V.
186 3583 229 3632 80.
247 3581 384 3644 Vaprio
403 3584 556 3646 oppidulum
569 3586 603 3634 ad
619 3582 723 3630 Addam
736 3580 855 3631 fluvium.
889 3581 945 3632 Cfr.
956 3581 991 3647 V,
1020 3583 1080 3634 tto.

131 3669 166 3727 V·
185 3673 229 3724 81.
246 3673 383 3726 Meltia.
402 3676 525 3724 Meltlum
542 3671 649 3738 (Melzi)
668 3671 793 3734 oppidum
809 3683 925 3734 parvum
944 3674 980 3724 ed
996 3674 1101 3724 Addam
1122 3672 1242 3722 fluvium.

253 3766 325 3818 Edit.
346 3765 512 3829 Venatum
534 3776 748 3828 quamquam
766 3765 784 3813 l.
810 3779 915 3816 varum.

131 3855 166 3910 V.
185 3857 227 3912 Sd.
245 3859 316 3910 inter
334 3863 405 3910 etv.
423 3861 457 3912 et
469 3859 558 3908 Editio
575 3857 683 3907 Veneta
702 3857 792 3906 addIt:

288 3950 361 4017 Ergo
374 3963 437 4018 aga,
454 3961 523 4014 qnae
537 3949 638 4000 nostris
652 3949 700 4000 isso
716 3947 852 3999 solatiam
868 3949 934 3998 orbe

284 4041 444 4106 Hospitibus
462 4043 536 4109 data,
555 4052 678 4104 quaeque
697 4040 783 4090 onidis
799 4039 958 4102 spectacula
973 4051 1069 4090 verum

282 4131 418 4202 Exhibitus,
432 4139 514 4198 utque
549 4131 621 4183 tuter
634 4133 743 4182 sanctos
755 4144 809 4182 nox
823 4136 887 4182 sota
902 4135 1024 4199 penates,

290 4228 379 4294 Musa,
398 4240 475 4294 nane,
494 4231 522 4277 et
538 4223 620 4276 seclis
633 4234 687 4274 non
699 4225 762 4272 ante
780 4224 873 4274 audita
887 4221 1011 4273 revolve.

133 4332 168 4384 v.
186 4333 229 4386 tt.
248 4332 455 4384 Thesbiten.
474 4328 579 4380 Elias
598 4309 1330 4391 (liliaglprouhetal'hasbe(Ttdsbe)ortuudruacer-

253 4423 338 4476 rimus
361 4421 500 4488 religionis
517 4421 609 4470 avitae
627 4417 763 4469 defensor.
782 4416 795 4466 l
812 4415 900 4482 Regg.
919 4429 943 4464 c.
970 4416 1092 4467 17-1t.
