<?xml version="1.0" encoding="UTF-8"?>
<!DOCTYPE html PUBLIC "-//W3C//DTD XHTML 1.0 Transitional//EN"
    "http://www.w3.org/TR/xhtml1/DTD/xhtml1-transitional.dtd">
<html xmlns="http://www.w3.org/1999/xhtml" xml:lang="en" lang="en">
 <head>
  <title>
</title>
<meta http-equiv="Content-Type" content="text/html;charset=utf-8" />
  <meta name='ocr-system' content='tesseract 3.04.00' />
  <meta name='ocr-capabilities' content='ocr_page ocr_carea ocr_par ocr_line ocrx_word'/>
</head>
<body>
  <div class='ocr_page' id='page_1' title='image "./jesuspuerpoema00gratgoog_0079.png"; bbox 0 0 2990 4906; ppageno 0'>
   <div class='ocr_carea' id='block_1_1' title="bbox 144 253 955 351">
    <p class='ocr_par' dir='ltr' id='par_1_1' title="bbox 144 253 955 351">
     <span class='ocr_line' id='line_1_1' title="bbox 144 253 955 351; baseline -0.004 -24"><span class='ocrx_word' id='word_1_1' title='bbox 144 275 190 351; x_wconf 64' lang='lat'><strong>48</strong></span> <span class='ocrx_word' id='word_1_2' title='bbox 546 253 955 327; x_wconf 60' lang='lat' dir='ltr'><strong>..arenant</strong></span> 
     </span>
    </p>
   </div>
   <div class='ocr_carea' id='block_1_2' title="bbox 70 448 1371 3415">
    <p class='ocr_par' dir='ltr' id='par_1_2' title="bbox 144 448 1143 560">
     <span class='ocr_line' id='line_1_2' title="bbox 144 448 1143 560; baseline -0.008 -30"><span class='ocrx_word' id='word_1_3' title='bbox 144 460 226 560; x_wconf 86' lang='lat' dir='ltr'><strong>Quo</strong></span> <span class='ocrx_word' id='word_1_4' title='bbox 249 454 386 556; x_wconf 83' lang='lat' dir='ltr'><strong>gemitu</strong></span> <span class='ocrx_word' id='word_1_5' title='bbox 411 475 613 530; x_wconf 76' lang='lat' dir='ltr'><strong>concussae</strong></span> <span class='ocrx_word' id='word_1_6' title='bbox 639 450 752 542; x_wconf 88' lang='lat' dir='ltr'><strong>aliae,</strong></span> <span class='ocrx_word' id='word_1_7' title='bbox 777 448 973 548; x_wconf 81' lang='lat' dir='ltr'><strong>luctusque</strong></span> <span class='ocrx_word' id='word_1_8' title='bbox 996 453 1143 522; x_wconf 85' lang='lat' dir='ltr'><strong>secutus</strong></span> 
     </span>
    </p>

    <p class='ocr_par' dir='ltr' id='par_1_3' title="bbox 143 566 1179 678">
     <span class='ocr_line' id='line_1_3' title="bbox 143 566 1179 678; baseline -0.012 -26"><span class='ocrx_word' id='word_1_9' title='bbox 143 583 299 678; x_wconf 80' lang='lat' dir='ltr'><strong>Ingens3</strong></span> <span class='ocrx_word' id='word_1_10' title='bbox 325 575 523 648; x_wconf 76' lang='lat' dir='ltr'><strong>foemineis</strong></span> <span class='ocrx_word' id='word_1_11' title='bbox 541 587 694 646; x_wconf 80' lang='lat' dir='ltr'><strong>resonat</strong></span> <span class='ocrx_word' id='word_1_12' title='bbox 717 594 846 644; x_wconf 88' lang='lat' dir='ltr'><strong>nemus</strong></span> <span class='ocrx_word' id='word_1_13' title='bbox 871 595 987 644; x_wconf 84' lang='lat' dir='ltr'><strong>omne.</strong></span> <span class='ocrx_word' id='word_1_14' title='bbox 1007 566 1179 668; x_wconf 79' lang='lat' dir='ltr'><strong>querelis.</strong></span> 
     </span>
    </p>

    <p class='ocr_par' dir='ltr' id='par_1_4' title="bbox 114 689 1331 1036">
     <span class='ocr_line' id='line_1_4' title="bbox 114 689 1331 795; baseline -0.007 -25"><span class='ocrx_word' id='word_1_15' title='bbox 114 721 115 732; x_wconf 58' lang='lat'>¹</span> <span class='ocrx_word' id='word_1_16' title='bbox 239 699 290 770; x_wconf 88' lang='lat' dir='ltr'><strong>At</strong></span> <span class='ocrx_word' id='word_1_17' title='bbox 300 696 456 768; x_wconf 76' lang='lat' dir='ltr'><strong>medios</strong></span> <span class='ocrx_word' id='word_1_18' title='bbox 479 695 577 766; x_wconf 81' lang='lat' dir='ltr'><strong>inter</strong></span> <span class='ocrx_word' id='word_1_19' title='bbox 599 694 765 795; x_wconf 84' lang='lat' dir='ltr'><strong>ploratus</strong></span> <span class='ocrx_word' id='word_1_20' title='bbox 791 708 925 764; x_wconf 86' lang='lat' dir='ltr'><strong>cuncte</strong></span> <span class='ocrx_word' id='word_1_21' title='bbox 945 689 1131 763; x_wconf 55' lang='lat' dir='ltr'><strong>&#39;scelestus</strong></span> <span class='ocrx_word' id='word_1_22' title='bbox 1258 699 1331 768; x_wconf 78' lang='lat'><strong>250</strong></span> 
     </span>
     <span class='ocr_line' id='line_1_5' title="bbox 140 813 1114 917; baseline -0.011 -29"><span class='ocrx_word' id='word_1_23' title='bbox 140 817 206 889; x_wconf 92' lang='lat' dir='ltr'><strong>llle</strong></span> <span class='ocrx_word' id='word_1_24' title='bbox 233 817 440 917; x_wconf 80' lang='lat' dir='ltr'><strong>explorator</strong></span> <span class='ocrx_word' id='word_1_25' title='bbox 465 816 604 914; x_wconf 81' lang='lat' dir='ltr'><strong>stygius</strong></span> <span class='ocrx_word' id='word_1_26' title='bbox 628 813 770 886; x_wconf 83' lang='lat' dir='ltr'><strong>t&#39;errore</strong></span> <span class='ocrx_word' id='word_1_27' title='bbox 797 827 951 913; x_wconf 82' lang='lat' dir='ltr'><strong>repente</strong></span> <span class='ocrx_word' id='word_1_28' title='bbox 1036 837 1041 881; x_wconf 79' lang='lat' dir='ltr'><strong>t</strong></span> <span class='ocrx_word' id='word_1_29' title='bbox 1110 869 1114 876; x_wconf 94' lang='lat'>.</span> 
     </span>
     <span class='ocr_line' id='line_1_6' title="bbox 140 927 1202 1036; baseline -0.006 -28"><span class='ocrx_word' id='word_1_30' title='bbox 140 935 387 1034; x_wconf 89' lang='lat' dir='ltr'><strong>Ridiculoque</strong></span> <span class='ocrx_word' id='word_1_31' title='bbox 411 953 510 1008; x_wconf 90' lang='lat' dir='ltr'><strong>metu</strong></span> <span class='ocrx_word' id='word_1_32' title='bbox 534 935 709 1036; x_wconf 84' lang='lat' dir='ltr'><strong>implevit.</strong></span> <span class='ocrx_word' id='word_1_33' title='bbox 757 935 853 1006; x_wconf 86' lang='lat' dir='ltr'><strong>Nam</strong></span> <span class='ocrx_word' id='word_1_34' title='bbox 877 929 1025 1022; x_wconf 79' lang='lat' dir='ltr'><strong>sederat</strong></span> <span class='ocrx_word' id='word_1_35' title='bbox 1047 927 1169 1002; x_wconf 80' lang='lat' dir='ltr'><strong>herba</strong></span> <span class='ocrx_word' id='word_1_36' title='bbox 1200 939 1202 951; x_wconf 93' lang='lat'>&#39;</span> 
     </span>
    </p>

    <p class='ocr_par' dir='ltr' id='par_1_5' title="bbox 139 1050 1161 1156">
     <span class='ocr_line' id='line_1_7' title="bbox 139 1050 1161 1156; baseline -0.005 -29"><span class='ocrx_word' id='word_1_37' title='bbox 139 1060 223 1156; x_wconf 88' lang='lat' dir='ltr'><strong>Ipse</strong></span> <span class='ocrx_word' id='word_1_38' title='bbox 249 1057 357 1128; x_wconf 87' lang='lat' dir='ltr'><strong>etiam</strong></span> <span class='ocrx_word' id='word_1_39' title='bbox 382 1056 421 1126; x_wconf 90' lang='lat' dir='ltr'><strong>in</strong></span> <span class='ocrx_word' id='word_1_40' title='bbox 445 1053 552 1130; x_wconf 83' lang='lat' dir='ltr'><strong>viridi</strong></span> <span class='ocrx_word' id='word_1_41' title='bbox 576 1056 726 1156; x_wconf 84' lang='lat' dir='ltr'><strong>lugens,</strong></span> <span class='ocrx_word' id='word_1_42' title='bbox 753 1056 948 1155; x_wconf 85' lang='lat' dir='ltr'><strong>spissoque</strong></span> <span class='ocrx_word' id='word_1_43' title='bbox 973 1050 1161 1149; x_wconf 80' lang='lat' dir='ltr'><strong>nigroque·</strong></span> 
     </span>
    </p>

    <p class='ocr_par' dir='ltr' id='par_1_6' title="bbox 138 1170 1327 1515">
     <span class='ocr_line' id='line_1_8' title="bbox 141 1170 1310 1277; baseline -0.004 -29"><span class='ocrx_word' id='word_1_44' title='bbox 141 1176 191 1252; x_wconf 79' lang='lat' dir='ltr'><strong>Se</strong></span> <span class='ocrx_word' id='word_1_45' title='bbox 216 1173 411 1252; x_wconf 79' lang='lat' dir='ltr'><strong>abdiderat</strong></span> <span class='ocrx_word' id='word_1_46' title='bbox 432 1203 578 1277; x_wconf 88' lang='lat' dir='ltr'><strong>panno,</strong></span> <span class='ocrx_word' id='word_1_47' title='bbox 601 1174 731 1249; x_wconf 82' lang='lat' dir='ltr'><strong>uiduae</strong></span> <span class='ocrx_word' id='word_1_48' title='bbox 759 1199 824 1247; x_wconf 88' lang='lat' dir='ltr'><strong>ore</strong></span> <span class='ocrx_word' id='word_1_49' title='bbox 849 1170 1310 1270; x_wconf 44' lang='lat' dir='ltr'><strong>habituqueiPhenennae,</strong></span> 
     </span>
     <span class='ocr_line' id='line_1_9' title="bbox 138 1291 1327 1396; baseline 0.003 -28"><span class='ocrx_word' id='word_1_50' title='bbox 138 1291 370 1396; x_wconf 76' lang='lat' dir='ltr'><strong>Ereptosqui</strong></span> <span class='ocrx_word' id='word_1_51' title='bbox 396 1296 467 1370; x_wconf 91' lang='lat' dir='ltr'><strong>sibi</strong></span> <span class='ocrx_word' id='word_1_52' title='bbox 491 1293 657 1396; x_wconf 80' lang='lat' dir='ltr'><strong>geminos</strong></span> <span class='ocrx_word' id='word_1_53' title='bbox 680 1294 822 1366; x_wconf 86' lang='lat' dir='ltr'><strong>ululare</strong></span> <span class='ocrx_word' id='word_1_54' title='bbox 847 1311 1003 1395; x_wconf 83' lang='lat' dir='ltr'><strong>nepotes</strong></span> <span class='ocrx_word' id='word_1_55' title='bbox 1224 1347 1228 1354; x_wconf 89' lang='lat'><em>-</em></span> <span class='ocrx_word' id='word_1_56' title='bbox 1254 1303 1327 1373; x_wconf 72' lang='lat'><strong>255</strong></span> 
     </span>
     <span class='ocr_line' id='line_1_10' title="bbox 141 1413 1114 1515; baseline -0.005 -28"><span class='ocrx_word' id='word_1_57' title='bbox 141 1415 368 1492; x_wconf 75' lang='lat' dir='ltr'><strong>conabatur:</strong></span> <span class='ocrx_word' id='word_1_58' title='bbox 395 1434 546 1515; x_wconf 85' lang='lat' dir='ltr'><strong>eratque</strong></span> <span class='ocrx_word' id='word_1_59' title='bbox 572 1416 668 1492; x_wconf 87' lang='lat' dir='ltr'><strong>adeo</strong></span> <span class='ocrx_word' id='word_1_60' title='bbox 693 1416 772 1488; x_wconf 89' lang='lat' dir='ltr'><strong>sine</strong></span> <span class='ocrx_word' id='word_1_61' title='bbox 795 1413 1114 1512; x_wconf 76' lang='lat' dir='ltr'><strong>moremodoque</strong></span> 
     </span>
    </p>

    <p class='ocr_par' dir='ltr' id='par_1_7' title="bbox 70 1533 1327 2359">
     <span class='ocr_line' id='line_1_11' title="bbox 139 1533 1140 1635; baseline -0.005 -28"><span class='ocrx_word' id='word_1_62' title='bbox 139 1537 325 1634; x_wconf 83' lang='lat' dir='ltr'><strong>Expresso</strong></span> <span class='ocrx_word' id='word_1_63' title='bbox 349 1537 387 1608; x_wconf 90' lang='lat' dir='ltr'><strong>in</strong></span> <span class='ocrx_word' id='word_1_64' title='bbox 412 1537 513 1609; x_wconf 90' lang='lat' dir='ltr'><strong>luctu</strong></span> <span class='ocrx_word' id='word_1_65' title='bbox 539 1535 739 1625; x_wconf 84' lang='lat' dir='ltr'><strong>deformis,</strong></span> <span class='ocrx_word' id='word_1_66' title='bbox 761 1552 802 1607; x_wconf 93' lang='lat' dir='ltr'><strong>ut</strong></span> <span class='ocrx_word' id='word_1_67' title='bbox 825 1537 908 1635; x_wconf 84' lang='lat' dir='ltr'><strong>ipsa</strong></span> <span class='ocrx_word' id='word_1_68' title='bbox 932 1533 1140 1607; x_wconf 87' lang='lat' dir='ltr'><strong>modestum</strong></span> 
     </span>
     <span class='ocr_line' id='line_1_12' title="bbox 141 1653 1221 1754; baseline -0.001 -30"><span class='ocrx_word' id='word_1_69' title='bbox 141 1653 360 1754; x_wconf 83' lang='lat' dir='ltr'><strong>Quanquam</strong></span> <span class='ocrx_word' id='word_1_70' title='bbox 386 1656 729 1746; x_wconf 81' lang='lat' dir='ltr'><strong>dissimulet-uultu,</strong></span> <span class='ocrx_word' id='word_1_71' title='bbox 753 1656 829 1748; x_wconf 80' lang='lat' dir='ltr'><strong>uir,</strong></span> <span class='ocrx_word' id='word_1_72' title='bbox 856 1654 991 1744; x_wconf 72' lang='lat' dir='ltr'><strong>medo,</strong></span> <span class='ocrx_word' id='word_1_73' title='bbox 1016 1658 1161 1726; x_wconf 81' lang='lat' dir='ltr'><strong>teneret</strong></span> <span class='ocrx_word' id='word_1_74' title='bbox 1219 1742 1221 1746; x_wconf 14' lang='lat' dir='ltr'><strong>f</strong></span> 
     </span>
     <span class='ocr_line' id='line_1_13' title="bbox 141 1774 1163 1876; baseline -0.006 -28"><span class='ocrx_word' id='word_1_75' title='bbox 141 1774 319 1872; x_wconf 83' lang='lat' dir='ltr'><strong>(Conscia</strong></span> <span class='ocrx_word' id='word_1_76' title='bbox 345 1776 482 1876; x_wconf 86' lang='lat' dir='ltr'><strong>quippe</strong></span> <span class='ocrx_word' id='word_1_77' title='bbox 508 1775 603 1875; x_wconf 85' lang='lat' dir='ltr'><strong>doli)</strong></span> <span class='ocrx_word' id='word_1_78' title='bbox 625 1777 742 1875; x_wconf 84' lang='lat' dir='ltr'><strong>Virgo</strong></span> <span class='ocrx_word' id='word_1_79' title='bbox 765 1775 1014 1876; x_wconf 86' lang='lat' dir='ltr'><strong>pulcherrima</strong></span> <span class='ocrx_word' id='word_1_80' title='bbox 1037 1774 1163 1846; x_wconf 86' lang='lat' dir='ltr'><strong>risum.</strong></span> 
     </span>
     <span class='ocr_line' id='line_1_14' title="bbox 139 1890 1327 1997; baseline 0.003 -31"><span class='ocrx_word' id='word_1_81' title='bbox 139 1896 308 1994; x_wconf 78' lang='lat' dir='ltr'><strong>Namque</strong></span> <span class='ocrx_word' id='word_1_82' title='bbox 332 1912 488 1995; x_wconf 85' lang='lat' dir='ltr'><strong>utraque</strong></span> <span class='ocrx_word' id='word_1_83' title='bbox 513 1922 624 1969; x_wconf 86' lang='lat' dir='ltr'><strong>manu</strong></span> <span class='ocrx_word' id='word_1_84' title='bbox 645 1896 899 1997; x_wconf 73' lang='lat' dir='ltr'><strong>&#39;complectens</strong></span> <span class='ocrx_word' id='word_1_85' title='bbox 918 1911 1087 1994; x_wconf 84' lang='lat' dir='ltr'><strong>tempora</strong></span> <span class='ocrx_word' id='word_1_86' title='bbox 1102 1890 1236 1980; x_wconf 84' lang='lat' dir='ltr'><strong>labris,&#39;</strong></span> <span class='ocrx_word' id='word_1_87' title='bbox 1256 1898 1327 1976; x_wconf 69' lang='lat'><strong>240</strong></span> 
     </span>
     <span class='ocr_line' id='line_1_15' title="bbox 70 2010 1327 2114; baseline -0.004 -26"><span class='ocrx_word' id='word_1_88' title='bbox 70 2019 73 2028; x_wconf 52' lang='lat'><strong>¹</strong></span> <span class='ocrx_word' id='word_1_89' title='bbox 105 2099 107 2105; x_wconf 22' lang='lat'><strong>¹</strong></span> <span class='ocrx_word' id='word_1_90' title='bbox 139 2014 303 2088; x_wconf 85' lang='lat' dir='ltr'><strong>Barbula</strong></span> <span class='ocrx_word' id='word_1_91' title='bbox 327 2018 431 2114; x_wconf 90' lang='lat' dir='ltr'><strong>queis</strong></span> <span class='ocrx_word' id='word_1_92' title='bbox 457 2017 599 2108; x_wconf 85' lang='lat' dir='ltr'><strong>inerat,</strong></span> <span class='ocrx_word' id='word_1_93' title='bbox 635 2018 771 2090; x_wconf 87' lang='lat' dir='ltr'><strong>misere·</strong></span> <span class='ocrx_word' id='word_1_94' title='bbox 794 2017 881 2088; x_wconf 89' lang='lat' dir='ltr'><strong>hinc</strong></span> <span class='ocrx_word' id='word_1_95' title='bbox 905 2033 1015 2113; x_wconf 88' lang='lat' dir='ltr'><strong>atque</strong></span> <span class='ocrx_word' id='word_1_96' title='bbox 1041 2011 1127 2084; x_wconf 83' lang='lat' dir='ltr'><strong>inde</strong></span> <span class='ocrx_word' id='word_1_97' title='bbox 1152 2010 1327 2102; x_wconf 76' lang='lat' dir='ltr'><strong>reductis,</strong></span> 
     </span>
     <span class='ocr_line' id='line_1_16' title="bbox 141 2134 1258 2238; baseline -0.004 -30"><span class='ocrx_word' id='word_1_98' title='bbox 141 2137 402 2238; x_wconf 73' lang='lat' dir='ltr'><strong>singultusque</strong></span> <span class='ocrx_word' id='word_1_99' title='bbox 427 2138 577 2217; x_wconf 85' lang='lat' dir='ltr'><strong>trahens</strong></span> <span class='ocrx_word' id='word_1_100' title='bbox 603 2137 776 2228; x_wconf 86' lang='lat' dir='ltr'><strong>crebros,</strong></span> <span class='ocrx_word' id='word_1_101' title='bbox 792 2136 899 2210; x_wconf 75' lang='lat' dir='ltr'><strong>uelut</strong></span> <span class='ocrx_word' id='word_1_102' title='bbox 911 2134 1033 2206; x_wconf 75' lang='lat' dir='ltr'><strong>&#39;audie</strong></span> <span class='ocrx_word' id='word_1_103' title='bbox 1058 2134 1181 2226; x_wconf 51' lang='lat' dir='ltr'><strong>sieca3,</strong></span> <span class='ocrx_word' id='word_1_104' title='bbox 1230 2154 1258 2180; x_wconf 81' lang='lat'><strong>·‘</strong></span> 
     </span>
     <span class='ocr_line' id='line_1_17' title="bbox 139 2231 1120 2359; baseline -0.001 -31"><span class='ocrx_word' id='word_1_105' title='bbox 139 2259 217 2332; x_wconf 85' lang='lat' dir='ltr'><strong>Hos</strong></span> <span class='ocrx_word' id='word_1_106' title='bbox 243 2257 409 2331; x_wconf 50' lang='lat' dir='ltr'><strong>frontem¹</strong></span> <span class='ocrx_word' id='word_1_107' title='bbox 430 2284 610 2359; x_wconf 85' lang='lat' dir='ltr'><strong>capereus</strong></span> <span class='ocrx_word' id='word_1_108' title='bbox 638 2258 735 2333; x_wconf 83' lang='lat' dir='ltr'><strong>vultu</strong></span> <span class='ocrx_word' id='word_1_109' title='bbox 759 2231 917 2356; x_wconf 71' lang='lat' dir='ltr'><strong>lugentis</strong></span> <span class='ocrx_word' id='word_1_110' title='bbox 944 2281 1120 2344; x_wconf 88' lang='lat' dir='ltr'><strong>amarum,</strong></span> 
     </span>
    </p>

    <p class='ocr_par' dir='ltr' id='par_1_8' title="bbox 138 2375 1371 3079">
     <span class='ocr_line' id='line_1_18' title="bbox 138 2375 1252 2478; baseline -0.002 -28"><span class='ocrx_word' id='word_1_111' title='bbox 138 2376 282 2450; x_wconf 88' lang='lat' dir='ltr'><strong>Perfida</strong></span> <span class='ocrx_word' id='word_1_112' title='bbox 305 2378 422 2478; x_wconf 89' lang='lat' dir='ltr'><strong>turpis</strong></span> <span class='ocrx_word' id='word_1_113' title='bbox 447 2395 539 2450; x_wconf 80' lang='lat' dir='ltr'><strong>anus</strong></span> <span class='ocrx_word' id='word_1_114' title='bbox 566 2397 718 2476; x_wconf 82' lang='lat' dir='ltr'><strong>questus</strong></span> <span class='ocrx_word' id='word_1_115' title='bbox 742 2378 873 2452; x_wconf 74' lang='lat' dir='ltr'><strong>dabatt</strong></span> <span class='ocrx_word' id='word_1_116' title='bbox 898 2377 957 2447; x_wconf 82' lang='lat' dir='ltr'><strong>Ah</strong></span> <span class='ocrx_word' id='word_1_117' title='bbox 977 2375 1152 2450; x_wconf 84' lang='lat' dir='ltr'><strong>miseram</strong></span> <span class='ocrx_word' id='word_1_118' title='bbox 1172 2375 1252 2448; x_wconf 81' lang='lat' dir='ltr'><strong>mel</strong></span> 
     </span>
     <span class='ocr_line' id='line_1_19' title="bbox 139 2495 1325 2608; baseline 0.003 -38"><span class='ocrx_word' id='word_1_119' title='bbox 139 2497 326 2570; x_wconf 68' lang='lat' dir='ltr'><strong>Ah‘meus</strong></span> <span class='ocrx_word' id='word_1_120' title='bbox 354 2515 512 2598; x_wconf 62' lang='lat' dir='ltr'><strong>ereptus*</strong></span> <span class='ocrx_word' id='word_1_121' title='bbox 526 2499 604 2570; x_wconf 82' lang='lat' dir='ltr'><strong>fato</strong></span> <span class='ocrx_word' id='word_1_122' title='bbox 629 2498 855 2571; x_wconf 87' lang='lat' dir='ltr'><strong>Nehemillus</strong></span> <span class='ocrx_word' id='word_1_123' title='bbox 874 2495 1031 2608; x_wconf 73' lang='lat' dir='ltr'><strong>acerbo,</strong></span> <span class='ocrx_word' id='word_1_124' title='bbox 1254 2501 1325 2580; x_wconf 70' lang='grc'><strong>245</strong></span> 
     </span>
     <span class='ocr_line' id='line_1_20' title="bbox 141 2607 1191 2719; baseline -0.004 -27"><span class='ocrx_word' id='word_1_125' title='bbox 141 2617 208 2692; x_wconf 88' lang='lat' dir='ltr'><strong>Cui</strong></span> <span class='ocrx_word' id='word_1_126' title='bbox 231 2617 326 2691; x_wconf 84' lang='lat' dir='ltr'><strong>furui</strong></span> <span class='ocrx_word' id='word_1_127' title='bbox 348 2607 487 2709; x_wconf 86' lang='lat' dir='ltr'><strong>crines,</strong></span> <span class='ocrx_word' id='word_1_128' title='bbox 520 2619 712 2718; x_wconf 79' lang='lat' dir='ltr'><strong>uultusque</strong></span> <span class='ocrx_word' id='word_1_129' title='bbox 729 2618 901 2719; x_wconf 88' lang='lat' dir='ltr'><strong>oculique</strong></span> <span class='ocrx_word' id='word_1_130' title='bbox 923 2616 1069 2718; x_wconf 83' lang='lat' dir='ltr'><strong>nigelli,</strong></span> <span class='ocrx_word' id='word_1_131' title='bbox 1089 2621 1092 2626; x_wconf 84' lang='grc'><strong>’</strong></span> <span class='ocrx_word' id='word_1_132' title='bbox 1188 2625 1191 2632; x_wconf 81' lang='grc'><strong>“</strong></span> 
     </span>
     <span class='ocr_line' id='line_1_21' title="bbox 139 2735 1337 2838; baseline -0.004 -28"><span class='ocrx_word' id='word_1_133' title='bbox 139 2736 331 2813; x_wconf 82' lang='lat' dir='ltr'><strong>Necdum</strong></span> <span class='ocrx_word' id='word_1_134' title='bbox 359 2737 468 2808; x_wconf 88' lang='lat' dir='ltr'><strong>ctiam</strong></span> <span class='ocrx_word' id='word_1_135' title='bbox 494 2740 606 2810; x_wconf 81' lang='lat' dir='ltr'><strong>exerti</strong></span> <span class='ocrx_word' id='word_1_136' title='bbox 632 2739 837 2838; x_wconf 74' lang='lat' dir='ltr'><strong>unguiculi!</strong></span> <span class='ocrx_word' id='word_1_137' title='bbox 861 2740 968 2810; x_wconf 88' lang='lat' dir='ltr'><strong>Nunc</strong></span> <span class='ocrx_word' id='word_1_138' title='bbox 992 2739 1128 2811; x_wconf 83' lang='lat' dir='ltr'><strong>uiueret</strong></span> <span class='ocrx_word' id='word_1_139' title='bbox 1150 2735 1236 2828; x_wconf 58' lang='lat' dir='ltr'><strong>illes</strong></span> <span class='ocrx_word' id='word_1_140' title='bbox 1335 2815 1337 2818; x_wconf 44' lang='grc'><strong>,</strong></span> 
     </span>
     <span class='ocr_line' id='line_1_22' title="bbox 140 2845 1371 2959; baseline -0.002 -31"><span class='ocrx_word' id='word_1_141' title='bbox 140 2861 188 2928; x_wconf 87' lang='lat' dir='ltr'><strong>Et</strong></span> <span class='ocrx_word' id='word_1_142' title='bbox 205 2845 325 2928; x_wconf 87' lang='lat' dir='ltr'><strong>lassae</strong></span> <span class='ocrx_word' id='word_1_143' title='bbox 352 2859 481 2930; x_wconf 89' lang='lat' dir='ltr'><strong>aetatis</strong></span> <span class='ocrx_word' id='word_1_144' title='bbox 507 2858 664 2930; x_wconf 80' lang='lat' dir='ltr'><strong>fulcrum</strong></span> <span class='ocrx_word' id='word_1_145' title='bbox 690 2885 838 2959; x_wconf 91' lang='lat' dir='ltr'><strong>quoque</strong></span> <span class='ocrx_word' id='word_1_146' title='bbox 862 2859 997 2932; x_wconf 81' lang='lat' dir='ltr'><strong>uiueret</strong></span> <span class='ocrx_word' id='word_1_147' title='bbox 1020 2857 1160 2945; x_wconf 83' lang='lat' dir='ltr'><strong>Abner‚</strong></span> <span class='ocrx_word' id='word_1_148' title='bbox 1220 2915 1223 2923; x_wconf 75' lang='grc'><strong><em>,</em></strong></span> <span class='ocrx_word' id='word_1_149' title='bbox 1369 2849 1371 2856; x_wconf 75' lang='grc'><strong>’</strong></span> 
     </span>
     <span class='ocr_line' id='line_1_23' title="bbox 139 2967 1106 3079; baseline 0 -27"><span class='ocrx_word' id='word_1_150' title='bbox 139 2967 264 3072; x_wconf 85' lang='lat' dir='ltr'><strong>Eheu,</strong></span> <span class='ocrx_word' id='word_1_151' title='bbox 291 3005 400 3079; x_wconf 88' lang='lat' dir='ltr'><strong>quern</strong></span> <span class='ocrx_word' id='word_1_152' title='bbox 424 2979 563 3079; x_wconf 88' lang='lat' dir='ltr'><strong>pariter</strong></span> <span class='ocrx_word' id='word_1_153' title='bbox 586 2979 695 3053; x_wconf 91' lang='lat' dir='ltr'><strong>lictor</strong></span> <span class='ocrx_word' id='word_1_154' title='bbox 719 2981 807 3052; x_wconf 89' lang='lat' dir='ltr'><strong>mihi</strong></span> <span class='ocrx_word' id='word_1_155' title='bbox 832 2977 974 3051; x_wconf 88' lang='lat' dir='ltr'><strong>sustulit</strong></span> <span class='ocrx_word' id='word_1_156' title='bbox 999 2983 1106 3052; x_wconf 81' lang='lat' dir='ltr'><strong>ense!</strong></span> 
     </span>
    </p>

    <p class='ocr_par' dir='ltr' id='par_1_9' title="bbox 139 3096 1324 3415">
     <span class='ocr_line' id='line_1_24' title="bbox 140 3096 1324 3201; baseline -0.002 -29"><span class='ocrx_word' id='word_1_157' title='bbox 140 3101 244 3172; x_wconf 87' lang='lat' dir='ltr'><strong>Eheu</strong></span> <span class='ocrx_word' id='word_1_158' title='bbox 267 3125 327 3170; x_wconf 92' lang='lat' dir='ltr'><strong>me</strong></span> <span class='ocrx_word' id='word_1_159' title='bbox 357 3102 530 3176; x_wconf 88' lang='lat' dir='ltr'><strong>miseram</strong></span> <span class='ocrx_word' id='word_1_160' title='bbox 554 3101 708 3201; x_wconf 82' lang='lat' dir='ltr'><strong>geminis</strong></span> <span class='ocrx_word' id='word_1_161' title='bbox 733 3099 954 3174; x_wconf 89' lang='lat' dir='ltr'><strong>lactentibus</strong></span> <span class='ocrx_word' id='word_1_162' title='bbox 979 3096 1127 3170; x_wconf 85' lang='lat' dir='ltr'><strong>orbam!</strong></span> <span class='ocrx_word' id='word_1_163' title='bbox 1253 3103 1324 3173; x_wconf 77' lang='lat'><strong>250</strong></span> 
     </span>
     <span class='ocr_line' id='line_1_25' title="bbox 139 3213 1298 3322; baseline -0.004 -32"><span class='ocrx_word' id='word_1_164' title='bbox 139 3221 239 3309; x_wconf 88' lang='lat' dir='ltr'><strong>Heu,</strong></span> <span class='ocrx_word' id='word_1_165' title='bbox 263 3243 339 3291; x_wconf 88' lang='lat' dir='ltr'><strong>non</strong></span> <span class='ocrx_word' id='word_1_166' title='bbox 361 3215 480 3320; x_wconf 76' lang='lat' dir='ltr'><strong>posse</strong></span> <span class='ocrx_word' id='word_1_167' title='bbox 500 3223 611 3308; x_wconf 89' lang='lat' dir='ltr'><strong>mori,</strong></span> <span class='ocrx_word' id='word_1_168' title='bbox 628 3248 769 3322; x_wconf 52' lang='lat' dir='ltr'><strong>&#39;meque</strong></span> <span class='ocrx_word' id='word_1_169' title='bbox 794 3223 850 3294; x_wconf 91' lang='lat' dir='ltr'><strong>his</strong></span> <span class='ocrx_word' id='word_1_170' title='bbox 876 3218 1063 3292; x_wconf 84' lang='lat' dir='ltr'><strong>exsolvere</strong></span> <span class='ocrx_word' id='word_1_171' title='bbox 1090 3213 1204 3290; x_wconf 74' lang='lat' dir='ltr'><strong>utaris!</strong></span> <span class='ocrx_word' id='word_1_172' title='bbox 1283 3243 1298 3297; x_wconf 77' lang='lat'><strong>‘.</strong></span> 
     </span>
     <span class='ocr_line' id='line_1_26' title="bbox 142 3340 1118 3415; baseline -0.002 -2"><span class='ocrx_word' id='word_1_173' title='bbox 142 3341 260 3413; x_wconf 87' lang='lat' dir='ltr'><strong>Causa</strong></span> <span class='ocrx_word' id='word_1_174' title='bbox 283 3340 371 3412; x_wconf 90' lang='lat' dir='ltr'><strong>mali</strong></span> <span class='ocrx_word' id='word_1_175' title='bbox 393 3341 485 3413; x_wconf 89' lang='lat' dir='ltr'><strong>tanti</strong></span> <span class='ocrx_word' id='word_1_176' title='bbox 510 3345 605 3413; x_wconf 92' lang='lat' dir='ltr'><strong>Puer</strong></span> <span class='ocrx_word' id='word_1_177' title='bbox 629 3341 703 3414; x_wconf 90' lang='lat' dir='ltr'><strong>ille.</strong></span> <span class='ocrx_word' id='word_1_178' title='bbox 751 3343 821 3415; x_wconf 90' lang='lat' dir='ltr'><strong>Hic</strong></span> <span class='ocrx_word' id='word_1_179' title='bbox 846 3340 967 3412; x_wconf 89' lang='lat' dir='ltr'><strong>indice</strong></span> <span class='ocrx_word' id='word_1_180' title='bbox 992 3341 1118 3412; x_wconf 79' lang='lat' dir='ltr'><strong>lesum</strong></span> 
     </span>
    </p>
   </div>
   <div class='ocr_carea' id='block_1_3' title="bbox 36 3459 1056 3570">
    <p class='ocr_par' dir='ltr' id='par_1_10' title="bbox 36 3459 1056 3570">
     <span class='ocr_line' id='line_1_27' title="bbox 36 3459 1056 3570; baseline 0.001 -39"><span class='ocrx_word' id='word_1_181' title='bbox 36 3528 42 3543; x_wconf 79' lang='grc'><strong>,</strong></span> <span class='ocrx_word' id='word_1_182' title='bbox 139 3459 278 3532; x_wconf 87' lang='lat' dir='ltr'><strong>Lurida</strong></span> <span class='ocrx_word' id='word_1_183' title='bbox 303 3460 491 3557; x_wconf 80' lang='lat' dir='ltr'><strong>signabat3</strong></span> <span class='ocrx_word' id='word_1_184' title='bbox 517 3460 585 3533; x_wconf 89' lang='lat' dir='ltr'><strong>sed</strong></span> <span class='ocrx_word' id='word_1_185' title='bbox 609 3461 735 3534; x_wconf 90' lang='lat' dir='ltr'><strong>clauso</strong></span> <span class='ocrx_word' id='word_1_186' title='bbox 761 3478 912 3570; x_wconf 76' lang='lat' dir='ltr'><strong>gutture</strong></span> <span class='ocrx_word' id='word_1_187' title='bbox 928 3487 1056 3535; x_wconf 84' lang='lat' dir='ltr'><strong>vocem</strong></span> 
     </span>
    </p>
   </div>
   <div class='ocr_carea' id='block_1_4' title="bbox 133 3579 1322 3801">
    <p class='ocr_par' dir='ltr' id='par_1_11' title="bbox 133 3579 1322 3801">
     <span class='ocr_line' id='line_1_28' title="bbox 133 3579 1245 3686; baseline -0.004 -34"><span class='ocrx_word' id='word_1_188' title='bbox 133 3579 261 3664; x_wconf 55' lang='lat' dir='ltr'><strong>,Edere</strong></span> <span class='ocrx_word' id='word_1_189' title='bbox 276 3606 361 3686; x_wconf 81' lang='lat' dir='ltr'><strong>¹non</strong></span> <span class='ocrx_word' id='word_1_190' title='bbox 385 3597 541 3680; x_wconf 86' lang='lat' dir='ltr'><strong>poterat.</strong></span> <span class='ocrx_word' id='word_1_191' title='bbox 591 3583 848 3681; x_wconf 88' lang='lat' dir='ltr'><strong>Nequicquam</strong></span> <span class='ocrx_word' id='word_1_192' title='bbox 872 3600 1040 3682; x_wconf 82' lang='lat' dir='ltr'><strong>tempora</strong></span> <span class='ocrx_word' id='word_1_193' title='bbox 1066 3599 1245 3680; x_wconf 87' lang='lat' dir='ltr'><strong>quassans</strong></span> 
     </span>
     <span class='ocr_line' id='line_1_29' title="bbox 140 3699 1322 3801; baseline 0.001 -27"><span class='ocrx_word' id='word_1_194' title='bbox 140 3702 329 3776; x_wconf 83' lang='lat' dir='ltr'><strong>Eluctatur</strong></span> <span class='ocrx_word' id='word_1_195' title='bbox 353 3701 444 3792; x_wconf 82' lang='lat' dir='ltr'><strong>iter,</strong></span> <span class='ocrx_word' id='word_1_196' title='bbox 469 3699 579 3774; x_wconf 84' lang='lat' dir='ltr'><strong>veluti</strong></span> <span class='ocrx_word' id='word_1_197' title='bbox 603 3703 666 3801; x_wconf 91' lang='lat' dir='ltr'><strong>qui</strong></span> <span class='ocrx_word' id='word_1_198' title='bbox 689 3701 859 3776; x_wconf 88' lang='lat' dir='ltr'><strong>faucibus</strong></span> <span class='ocrx_word' id='word_1_199' title='bbox 886 3703 996 3778; x_wconf 81' lang='lat' dir='ltr'><strong>arctis</strong></span> <span class='ocrx_word' id='word_1_200' title='bbox 1252 3707 1322 3775; x_wconf 80' lang='lat'><strong>255</strong></span> 
     </span>
    </p>
   </div>
   <div class='ocr_carea' id='block_1_5' title="bbox 140 4016 873 4194">
    <p class='ocr_par' dir='ltr' id='par_1_12' title="bbox 140 4016 873 4194">
     <span class='ocr_line' id='line_1_30' title="bbox 140 4016 695 4086; baseline 0.004 -17"><span class='ocrx_word' id='word_1_201' title='bbox 140 4017 175 4069; x_wconf 82' lang='lat' dir='ltr'><strong>V.</strong></span> <span class='ocrx_word' id='word_1_202' title='bbox 201 4020 261 4071; x_wconf 78' lang='lat'>2³1.</span> <span class='ocrx_word' id='word_1_203' title='bbox 287 4018 452 4086; x_wconf 78' lang='lat' dir='ltr'><strong>stygius.</strong></span> <span class='ocrx_word' id='word_1_204' title='bbox 478 4016 536 4068; x_wconf 82' lang='lat' dir='ltr'><strong>Gfr.</strong></span> <span class='ocrx_word' id='word_1_205' title='bbox 564 4017 695 4083; x_wconf 82' lang='lat' dir='ltr'><strong>111,11t.</strong></span> 
     </span>
     <span class='ocr_line' id='line_1_31' title="bbox 140 4109 873 4194; baseline 0.004 -35"><span class='ocrx_word' id='word_1_206' title='bbox 140 4109 175 4160; x_wconf 87' lang='lat' dir='ltr'><strong>V.</strong></span> <span class='ocrx_word' id='word_1_207' title='bbox 198 4113 258 4162; x_wconf 76' lang='lat'>241.</span> <span class='ocrx_word' id='word_1_208' title='bbox 275 4111 367 4162; x_wconf 81' lang='lat' dir='ltr'><strong>Editio</strong></span> <span class='ocrx_word' id='word_1_209' title='bbox 390 4114 488 4164; x_wconf 80' lang='lat' dir='ltr'><strong>venet.</strong></span> <span class='ocrx_word' id='word_1_210' title='bbox 504 4123 553 4174; x_wconf 79' lang='lat' dir='ltr'><strong>pro</strong></span> <span class='ocrx_word' id='word_1_211' title='bbox 576 4112 718 4194; x_wconf 79' lang='lat' dir='ltr'><strong>misere</strong></span> <span class='ocrx_word' id='word_1_212' title='bbox 738 4113 757 4166; x_wconf 87' lang='lat'><strong>1.</strong></span> <span class='ocrx_word' id='word_1_213' title='bbox 777 4113 873 4166; x_wconf 37' lang='lat' dir='ltr'><strong>*foece</strong></span> 
     </span>
    </p>
   </div>
   <div class='ocr_carea' id='block_1_6' title="bbox 141 4223 872 4378">
    <p class='ocr_par' dir='ltr' id='par_1_13' title="bbox 141 4223 872 4378">
     <span class='ocr_line' id='line_1_32' title="bbox 141 4223 718 4302; baseline 0.005 -30"><span class='ocrx_word' id='word_1_214' title='bbox 141 4223 175 4278; x_wconf 79' lang='lat' dir='ltr'><strong>V.</strong></span> <span class='ocrx_word' id='word_1_215' title='bbox 193 4225 253 4276; x_wconf 71' lang='grc'><strong>247.</strong></span> <span class='ocrx_word' id='word_1_216' title='bbox 276 4223 347 4274; x_wconf 82' lang='lat' dir='ltr'><strong>Edit.</strong></span> <span class='ocrx_word' id='word_1_217' title='bbox 369 4225 491 4275; x_wconf 82' lang='lat' dir='ltr'><strong>Veneta:</strong></span> <span class='ocrx_word' id='word_1_218' title='bbox 710 4291 718 4302; x_wconf 60' lang='lat'><em>,</em></span> 
     </span>
     <span class='ocr_line' id='line_1_33' title="bbox 304 4314 872 4378; baseline 0.004 -12"><span class='ocrx_word' id='word_1_219' title='bbox 304 4314 563 4378; x_wconf 74' lang='lat' dir='ltr'><strong>Guinoudumpror</strong></span> <span class='ocrx_word' id='word_1_220' title='bbox 578 4329 641 4368; x_wconf 86' lang='lat' dir='ltr'><strong>nec</strong></span> <span class='ocrx_word' id='word_1_221' title='bbox 655 4319 734 4370; x_wconf 85' lang='lat' dir='ltr'><strong>dum</strong></span> <span class='ocrx_word' id='word_1_222' title='bbox 749 4318 872 4369; x_wconf 79' lang='lat' dir='ltr'><strong>etiam.</strong></span> 
     </span>
    </p>
   </div>
   <div class='ocr_carea' id='block_1_7' title="bbox 0 0 1501 4906">
    <p class='ocr_par' dir='ltr' id='par_1_14' title="bbox 0 0 1501 4906">
     <span class='ocr_line' id='line_1_34' title="bbox 0 0 1501 4906; baseline 0 0"><span class='ocrx_word' id='word_1_223' title='bbox 0 0 1501 4906; x_wconf 95' lang='lat' dir='ltr'><strong> </strong></span> 
     </span>
    </p>
   </div>
  </div>
 </body>
</html>
