2960 4908
113 273 184 352 140
504 260 750 334 ¹utura
797 261 891 336 v111.

111 456 236 532 Patria
257 455 298 528 in
322 479 409 530 arra
423 452 556 546 redux,
581 455 804 531 Phoenicum
829 457 994 533 constitit
1016 459 1130 554 arrisj

110 576 285 650 Nondum
310 573 526 649 excantandi
548 575 638 648 ritus
658 578 877 678 penitusque
901 578 1082 656 nefandas

32 719 33 730 ¹
110 696 274 770 Eductus
297 697 399 796 leges
411 746 423 786 ,
448 694 612 769 nondum
634 698 825 796 penetrale
850 699 919 798 sub
941 700 1054 772 imum

112 815 282 892 Carmina
306 818 405 891 ferre
429 831 584 915 potens,
610 817 769 890 necdum
793 818 867 892 alte
890 819 1049 894 imbutus
1073 819 1234 897 Aterno·

110 939 180 1012 Ast
203 937 278 1010 illic
301 936 394 1009 miro
419 962 619 1009 succensus
644 964 768 1011 amore
791 939 950 1039 puellae,
990 951 993 965 '
1070 968 1074 994 ¹
1243 951 1291 1019 50

112 1059 195 1157 Qua
218 1084 294 1131 non
319 1055 481 1129 Sidoniis
506 1055 575 1129 fuit
600 1057 716 1130 altera
738 1058 928 1159 pulchrior
953 1059 1040 1150 oris,

108 1177 190 1250 Neo
213 1176 306 1249 telas
331 1177 531 1278 depingere
556 1201 626 1250 acu
651 1178 821 1252 solertior
844 1181 941 1251 inter

107 1297 352 1389 Phoenissae,
378 1297 479 1370 fama
502 1313 587 1369 ante
613 1298 703 1373 alias
730 1299 971 1372 celeberrima
995 1299 1160 1394 cantrix,

107 1415 171 1490 Nil
195 1417 413 1491 intentatum
437 1418 608 1514 demens,
634 1419 687 1491 nil
711 1418 817 1519 liquit
839 1421 1017 1509 inausum,

109 1535 226 1637 Siqua
249 1539 308 1614 via
330 1539 460 1614 insano
486 1537 703 1615 succederet
726 1541 896 1639 improba
917 1557 1016 1621 voto.
1244 1551 1291 1618 55

108 1655 226 1755 (Quid
250 1684 326 1731 non
349 1685 483 1733 coecus
509 1685 614 1732 amor
637 1657 781 1758 cogiti)
807 1660 1060 1759 Nequissimus
1085 1660 1236 1759 hospes,

109 1777 191 1875 Quo
218 1776 364 1850 demum
387 1780 501 1878 Tyria
525 1797 637 1878 queat
660 1779 751 1851 urbe
778 1777 982 1852 abduceret
1007 1804 1091 1854 sese

107 1897 231 1998 Atque
256 1897 376 1997 ipsam
401 1915 439 1969 et
462 1896 630 1969 sobolem
653 1915 843 1970 venturam
866 1899 962 1973 vovit
986 1901 1145 1990 Aterno,

106 2016 223 2114 Inque
248 2017 365 2091 ricem
389 2017 551 2116 magicas
577 2017 722 2116 accepit
744 2015 904 2117 perfidus
931 2033 1042 2109 artes,

109 2135 221 2233 Queis
241 2136 358 2208 fretus
383 2136 532 2210 tandem
556 2137 778 2236 intempesta
799 2153 908 2209 nocte
936 2137 1097 2210 Selenen
1242 2147 1290 2225 [ιο

7 2258 10 2272 ’
108 2253 273 2352 (Pellicis
300 2256 339 2329 id
363 2282 498 2327 nomen
523 2256 661 2355 fuerat)
687 2256 770 2329 tulit
794 2265 879 2330 aire
903 2256 1057 2356 praedo.

106 2374 177 2446 Hic
203 2392 286 2448 erat
308 2374 371 2446 ille
396 2375 510 2448 Erebi
532 2374 683 2464 vindex,
711 2400 821 2473 quem
843 2375 1051 2476 Belphegor
1075 2361 1163 2451 olim

108 2491 373 2567 successorem
398 2496 503 2569 oneri
525 2513 562 2568 et
578 2495 709 2594 stygiis
733 2495 954 2594 promiserat
978 2497 1101 2588 armis,

5 2625 6 2628 ’
108 2611 149 2683 si
174 2612 252 2688 fors
280 2634 410 2689 eventu
436 2618 635 2690 cessissent
657 2614 757 2687 bella
782 2615 942 2687 sinistro.

105 2730 200 2803 Huic
223 2757 308 2831 spes
325 2735 492 2827 innixae,
517 2739 601 2810 huic
626 2759 748 2808 rerum
771 2759 869 2806 nunc
895 2734 1036 2807 credita
1060 2762 1213 2817 summa.
1242 2747 1289 2824 45

106 2852 207 2947 Ergo
232 2852 343 2924 urbes
368 2854 507 2954 passim
531 2854 688 2954 spectris
714 2868 824 2949 atque
850 2853 988 2952 oppida
1011 2853 1156 2930 Idumes

104 2968 288 3070 Implebat
311 2974 433 3070 miris3
459 2993 536 3048 tum
558 2974 679 3076 primo
703 2973 743 3043 in
765 2971 856 3045 flore
880 2973 1048 3070 juventae
1073 2973 1076 2976 ’
1120 2971 1122 2979 ’

5 3127 6 3136 1
107 3090 280 3164 Mentitus
305 3097 465 3186 senium,
496 3095 668 3168 mentitus
693 3092 828 3167 vertice
855 3117 968 3165 canos

106 3212 366 3311 Rugosamque
393 3232 533 3293 cutemt
558 3217 655 3289 visus
680 3237 792 3313 saepe
818 3214 966 3285 aethere
991 3215 1083 3288 ferri

106 3330 275 3405 Obscuro
302 3335 463 3408 invectus
488 3335 638 3424 nimbo,
663 3332 831 3432 nigrique
857 3332 993 3405 caballi
1242 3351 1287 3416 50

64 3469 67 3477 ·
105 3452 228 3551 Terga
247 3478 419 3551 premens
426 3455 560 3548 ;·risus
583 3454 784 3528 Jordanem
812 3469 954 3526 vertere
979 3471 1080 3528 retro

106 3710 141 3764 V.
160 3714 203 3766 to.
239 3715 453 3768 Phoenicum
470 3719 524 3770 te.
542 3719 693 3772 incolmum
704 3719 866 3773 Phoenicius
875 3716 1060 3789 (Phoenices),
1071 3721 1191 3786 regtonts
1199 3722 1285 3773 Asiae

243 3807 316 3858 inter
333 3807 443 3871 syrtim
460 3813 488 3862 ot
503 3810 696 3865 Palaestinam.

5 3933 6 3942 ¹
107 3915 142 3968 V.
161 3917 204 3968 29.
239 3921 405 3972 Avernus.
423 3920 471 3989 111,
490 3923 535 3974 6⁰.

105 4025 141 4081 V.
160 4031 204 4084 tt.
238 4029 343 4084 atton
361 4035 459 4094 (hodie
477 4036 579 4097 saida)
603 4040 668 4088 urbs
686 4039 848 4091 phoeniciae
875 4037 1027 4090 clarissima
1049 4042 1085 4092 ed
1107 4052 1183 4092 mere
1200 4040 1286 4090 nett-

244 4125 408 4176 torraneum.
443 4127 553 4192 Joseph.
570 4131 678 4196 Auttqq.
699 4133 724 4199 t,
743 4135 769 4184 6.
788 4133 814 4184 2.

106 4233 142 4285 V.
160 4237 205 4289 tt.
238 4235 310 4286 nott.
330 4236 428 4294 venet.
445 4254 496 4306 pro
513 4245 652 4310 accepit
669 4243 826 4308 pertidus
843 4231 926 4310 legit:
944 4243 973 4296 in
989 4246 1080 4296 dotem
1096 4248 1249 4307 acceperat.

109 4335 144 4388 V.
161 4338 205 4392 tt.
240 4337 443 4409 belphegor.
462 4345 509 4413 111,
526 4348 570 4399 te.

5 4382 9 4473 1
