2960 4908
567 259 805 330 LIBER
852 257 949 332 VIII.
1277 269 1352 349 143

163 457 343 530 Eventum
366 453 577 555 opperiens.
628 455 785 553 Jamque
801 453 894 526 atria
907 476 1124 552 summaque
1143 469 1255 547 tacta,
1280 473 1352 542 105

163 557 442 677 Jam'speculas
467 573 566 646 infra
591 599 778 674 supraque
806 572 1001 671 aditusque
1023 574 1164 647 riarum

165 698 291 795 Atque
320 697 414 770 altas
439 710 560 766 turres
584 694 693 794 plebs
719 691 883 791 undique
911 692 1027 765 densa
1051 695 1221 793 tenebat,
1303 679 1309 694 ⁸

163 815 337 888 Attonitis
361 815 506 888 inhians
531 814 661 886 animis
687 812 779 911 quid
804 815 941 911 cogitet
964 815 1095 908 ingens

163 937 390 1026 Promissor,
418 960 514 1033 quae
539 934 632 1007 mira
656 932 774 1024 ferat3
799 932 1037 1033 platanisque
1062 934 1213 1008 vetustis

159 1055 391 1145 Institerant,
416 1079 626 1155 magnoque
651 1069 845 1151 gravarent
866 1054 1033 1154 pondere
1058 1081 1201 1127 ramosa
1280 1068 1353 1136 110

165 1173 258 1245 Cum
283 1176 405 1248 subito
432 1173 569 1247 effusae
594 1173 790 1246 horribiles
816 1188 895 1245 toto
923 1199 987 1245 axe
1015 1174 1204 1264 tenebrae,

162 1294 408 1393 Obscuraqne
434 1320 561 1368 omnes
588 1293 778 1390 densaque
802 1293 841 1363 in
865 1310 977 1364 nocte
1002 1294 1119 1366 relicti
1128 1320 1142 1390 3

159 1414 247 1486 Non
271 1414 397 1507 aliter,
424 1441 535 1514 quam
561 1420 593 1486 si
615 1414 748 1485 Pharia
774 1401 930 1512 caligine
955 1439 1103 1485 rursum

160 1532 445 1635 Velleribusque
472 1551 551 1606 ater
575 1534 692 1633 piceis
718 1534 822 1632 niger
847 1533 993 1633 ingruat
1017 1543 1093 1625 ηδτ,

158 1653 274 1751 Inque
302 1653 400 1726 diem
422 1672 590 1727 reserent
614 1679 724 1754 grave
751 1654 892 1727 olentes
918 1657 1075 1726 Tartara
1100 1651 1242 1726 fauces.
1279 1667 1351 1736 115

257 1775 357 1844 Ecce
377 1792 500 1846 autem
523 1774 657 1874 procul
680 1773 883 1874 aspiciunt,
909 1799 981 1874 qua
1005 1771 1169 1873 perfidus
1195 1773 1271 1847 alto

159 1889 344 1990 Suggestu
369 1911 481 1993 atque
507 1921 582 1967 una
606 1895 778 1966 meretrix
798 1894 1038 1978 consederat,
1064 1893 1141 1966 illic

159 2010 341 2082 Paulatim
365 2028 515 2081 tenuem
539 2011 678 2081 nubem
704 2011 960 2099 exalbescere,
990 2009 1110 2108 qualis

162 2128 333 2200 Cernitur
359 2153 403 2199 ex
426 2131 501 2199 ima
525 2130 709 2201 interdum
733 2153 773 2200 se
798 2128 929 2201 tollere
953 2129 1047 2201 valle
1055 2183 1067 2218 ,

159 2249 235 2319 Aut
258 2247 386 2319 humili
411 2272 526 2346 vapor
553 2271 572 2318 e
599 2265 728 2346 stagno
755 2247 822 2319 sub
848 2248 1010 2348 vesperis
1036 2265 1167 2326 ortum.
1279 2260 1353 2330 120

158 2366 262 2438 Haec
287 2365 387 2437 lente
413 2369 560 2467 augeri,
588 2384 625 2439 et
649 2368 793 2466 magico
818 2368 1079 2468 splendescere
1105 2369 1241 2442 sensim

158 2485 311 2557 Lumine
337 2487 545 2559 multicolor
570 2506 718 2587 spectro
744 2489 842 2562 intus
867 2487 1013 2586 turgida
1035 2489 1143 2565 miro.

158 2607 353 2677 Intonuere
378 2625 529 2707 repente
554 2609 654 2707 poli,
681 2609 788 2680 simul
813 2610 960 2680 aethere
986 2615 1115 2709 opacc'

157 2723 308 2796 Diffissa
334 2743 390 2797 est
415 2728 570 2821 nebula,
597 2745 634 2799 et
657 2727 788 2798 turbae
813 2727 940 2826 patulo
967 2755 1031 2801 ore
1056 2729 1174 2801 tuenti

158 2846 251 2942 (Res
276 2846 521 2945 incredibilis)
548 2873 630 2919 cum
654 2847 790 2946 pellice
816 2847 990 2922 terribilis
1014 2875 1080 2921 rex
1275 2857 1347 2926 125

156 2966 264 3038 Nube
291 2991 379 3039 cava
404 2984 528 3066 septus
554 2966 721 3037 miranda
746 2968 785 3036 in
810 2966 892 3038 luce
915 2967 1079 3055 refulsit,

155 3086 300 3158 Arduus
326 3088 426 3158 aeria
449 3089 487 3156 in
511 3110 645 3182 magna
668 3086 880 3186 spectabilis
906 3084 1007 3176 aula,

156 3206 324 3280 Numinis
350 3231 392 3277 os
417 3203 656 3302 habitumque
681 3230 813 3304 gerens
840 3223 876 3278 et
900 3205 1023 3278 ferrea
1049 3220 1196 3304 sceptra

153 3325 336 3399 Nubifcro
358 3323 397 3395 in
422 3322 529 3396 solio.
578 3326 779 3425 Postquam
805 3326 880 3399 alta
906 3324 1052 3400 silentia
1075 3325 1188 3426 pleno

154 3615 190 3666 V.
210 3617 270 3668 tta.
290 3615 426 3668 Pharia.
445 3614 467 3680 1,
487 3615 512 3666 2.
551 3612 652 3667 confer
669 3615 755 3670 Exod.
775 3619 819 3686 1⁰,
838 3620 872 3670 22
891 3631 966 3682 seqq.

154 3706 189 3756 V.
209 3708 269 3759 122.
288 3708 378 3759 Editio
395 3705 495 3758 venet.
514 3702 627 3772 adjicIt:

279 3859 285 3866 ,
362 3799 435 3848 Ecce
454 3799 546 3848 autem
563 3801 627 3849 ante
645 3798 739 3853 oculos
755 3800 845 3862 (dirae
862 3799 1004 3864 praeludia
1021 3796 1135 3853 scenae)

361 3891 531 3942 Marmoreas
547 3890 607 3958 leo,
626 3903 705 3954 quem
723 3895 856 3956 quondan
873 3893 964 3943 media
980 3891 1047 3940 urbe
1064 3887 1188 3939 locarant

362 3967 488 4048 Assyrii,
508 3994 589 4044 quum
605 3992 693 4048 regna
710 3983 774 4035 olim
792 3984 893 4035 ditione
910 3983 1017 4034 teneret

362 4071 552 4141 salmanasar,
570 4073 655 4124 rictus
673 4077 807 4138 extemplo
826 4079 854 4126 st
871 4085 956 4125 saxea
973 4071 1060 4122 movit

366 4161 436 4228 Ora,
456 4165 582 4227 tetttqne
600 4179 710 4234 sonum,
729 4167 873 4232 rugItuque
892 4163 996 4226 impulIt
1014 4174 1104 4213 auras.

364 4255 422 4314 Quo
440 4257 527 4306 veluti
544 4259 621 4322 signo
639 4258 791 4309 admonitus
809 4262 853 4308 ter
869 4255 965 4322 muint
983 4255 1084 4320 Orcus,
1105 4295 1114 4316 0

361 4349 413 4397 Iar
434 4353 508 4399 nota
525 4349 663 4400 Intremutt
681 4350 777 4412 tellus3
797 4349 876 4399 simul
895 4349 1005 4399 aethere
1023 4357 1111 4410 opaco
