2990 4906
563 249 804 321 LIBER
852 250 881 320 1.

155 443 340 545 Increpuit
364 444 471 518 dictis
496 461 604 545 pater
626 446 804 520 Ammon:
831 445 890 518 Oh
913 444 1004 544 quid
1027 445 1178 538 inertes,

154 568 204 640 Ut
226 565 323 666 pasti
349 567 537 666 sanarique
559 566 674 641 hoves
699 568 738 640 in
764 566 940 640 stramine
964 566 1051 659 fusi,

156 687 332 777 Tamdiu,
359 688 429 777 ait,
457 712 589 788 segnes
614 689 726 761 horas
753 685 995 760 consumitis?
1019 687 1075 760 io!
1274 704 1343 772 575

153 809 266 880 Macti
292 809 444 899 animis,
468 810 574 910 pueri
587 863 599 900 ,
626 808 775 881 detersa
792 807 989 897 oscedine,
1013 807 1116 898 ludo,

68 919 71 928 ¹
152 929 249 1000 Dum
266 946 394 1018 vacat,
417 932 490 1004 hoe
506 931 689 1031 reliquum
705 929 888 1003 traducite
896 957 908 1022 3
936 953 1062 1027 surge,
1090 953 1178 1028 age,
1203 929 1346 1022 Laban,

154 1049 291 1148 Surge,
317 1050 405 1122 Joas
430 1052 554 1152 piger,
581 1053 691 1125 heus!
718 1048 811 1128 ohe!
835 1050 952 1122 Simul
976 1049 1080 1124 Abra
1102 1051 1246 1152 puellas

151 1171 261 1241 Parte
287 1170 360 1243 alia
373 1173 533 1264 hortari,
556 1193 667 1272 atque
693 1197 841 1243 omnem
866 1171 1030 1269 undique
1046 1197 1180 1270 cogere
1199 1174 1347 1273 pubem,

152 1290 312 1363 Nomine
339 1318 523 1392 quamque
547 1317 708 1367 vocans:
732 1293 878 1380 Esther,
906 1290 1108 1383 sulamitis,
1133 1294 1246 1386 Elisa,
1274 1309 1346 1380 380

152 1410 215 1483 Ad
239 1411 385 1488 ludum:
409 1413 498 1486 ludo
523 1410 772 1512 pulcherrima
794 1412 960 1509 praemia
983 1411 1124 1501 victrix,

155 1531 259 1630 Quae
285 1533 405 1605 socias
430 1532 588 1634 pedihus
613 1530 855 1631 praeverterit
880 1531 1038 1631 optima,
1063 1531 1227 1608 habebit.

155 1651 337 1725 Continuo
363 1654 533 1726 succensi
557 1652 690 1741 animi,
718 1667 829 1749 atque
855 1669 1002 1726 arrecta
1029 1653 1210 1752 juventus.

152 1770 365 1845 Convenere
390 1799 531 1847 omnes.
583 1771 741 1844 Tumulo
768 1771 940 1846 Susanna
964 1774 1096 1848 virenti

149 1894 334 1993 Explicuit
358 1895 528 1968 manibus
554 1894 698 1983 velum,
724 1893 826 1992 quod
850 1895 1003 1968 miseret
1029 1895 1126 1969 alma
1271 1913 1343 1982 585

148 2016 365 2109 Parthenia,
390 2018 604 2088 hesternum
628 2039 771 2090 munus,
823 2017 926 2114 Quae
948 2016 1097 2110 vicerit,
1123 2015 1254 2116 inquit,

148 2134 231 2204 Hoc
256 2134 396 2208 Mariae
422 2135 534 2233 peplo
560 2135 684 2229 cingat
709 2132 780 2202 sibi
804 2149 996 2230 tempora,
1021 2133 1090 2204 sed
1113 2135 1200 2206 dein

150 2253 336 2324 Restituat
359 2270 447 2351 post
470 2271 546 2323 tres
572 2250 671 2321 soles
696 2273 862 2340 memor,
888 2265 1000 2347 atque
1025 2274 1195 2324 rosarum

150 2374 259 2444 Dona
285 2370 384 2444 dabo
410 2372 581 2443 innexam
605 2367 753 2468 philyra
777 2366 955 2469 violisque
981 2395 1169 2445 coronam.

151 2491 241 2562 Inde
266 2491 395 2586 alium,
419 2493 591 2591 juvenes,
618 2488 745 2562 ludum
770 2487 1026 2585 celebrabitis,
1052 2491 1134 2592 ipse
1271 2511 1343 2582 590

150 2612 339 2706 Praemia,
367 2612 418 2684 ait
439 2614 579 2707 Jonas,
604 2610 735 2684 victori
759 2609 897 2707 pocula
921 2635 1027 2684 servo
1036 2663 1050 2707 ,

150 2732 288 2803 Pocula
311 2732 424 2830 plena
448 2758 563 2804 merc.
588 2729 830 2804 (Praecedite
856 2732 947 2827 rite,
973 2732 1134 2834 puellae.

149 2852 215 2922 His
242 2852 349 2924 dictis
377 2853 493 2924 festus
520 2852 684 2925 sublatus
710 2851 925 2924 clamored
952 2879 1074 2948 auras,

139 2973 384 3071 ‚lnjeetusque
408 2972 544 3045 alacris
570 2971 698 3066 furor,
726 2989 763 3045 et
787 2997 882 3045 nova
907 2972 1041 3070 gaudia
1066 2975 1219 3046 cunctis.

247 3093 395 3164 Pratum
422 3110 520 3187 erat,
548 3111 585 3166 et
610 3093 739 3166 salices
764 3090 861 3164 inter
882 3091 1098 3190 longissima
1122 3093 1201 3167 risu
1270 3108 1340 3180 395

152 3209 291 3280 Semita
313 3209 389 3284 lata
413 3218 554 3307 virens,
578 3215 762 3312 longeque
789 3227 914 3287 erecta
940 3212 1008 3285 sub
1034 3238 1142 3286 auras

155 3330 340 3403 Silvestris
365 3357 511 3427 morus,
538 3335 598 3406 eui
624 3359 719 3431 quae
742 3334 845 3433 prior
870 3333 998 3406 oscula
1021 3332 1151 3430 ferret,

151 3452 273 3548 Atque
299 3479 411 3525 manu
435 3453 590 3527 viridem
614 3480 755 3525 ramum
781 3453 989 3545 divelleret,
1013 3453 1079 3526 illa

152 3569 234 3666 (Sic
260 3575 440 3674 statuunt)
465 3601 614 3648 roseum
639 3591 777 3647 sertum
803 3591 840 3646 et
864 3574 1029 3647 velamen
1053 3574 1220 3648 heberet.

123 3697 126 3704 ’
150 3694 248 3790 Ergo
275 3693 367 3766 locis
390 3695 532 3794 pariter
557 3696 674 3796 captis
700 3694 888 3794 Alphaeus
912 3695 1077 3794 utrisque
1266 3703 1339 3778 400
1402 3699 1404 3704 ’

149 3813 337 3886 Percussis
364 3815 535 3888 manibus
561 3817 705 3915 signum
731 3815 843 3889 dedit.
893 3814 998 3888 llicet
1023 3839 1152 3888 omnes

148 3931 336 4030 Effugiant
359 3935 485 4009 nimbo
513 3937 671 4032 similes,
699 3937 904 4036 studiisque
930 3936 1096 4035 juventus
1211 4036 1215 4052 1

144 4077 562 4098 ——fl——u———n

148 4163 184 4214 V.
204 4131 264 4218 ast.
283 4164 354 4215 Edit.
372 4165 495 4220 Veneta:
515 4171 591 4231 Quae
609 4169 701 4220 socias
719 4181 801 4218 cursu
816 4167 911 4220 valeat
929 4172 1124 4236 praevertere,
1142 4165 1260 4220 habebit.

148 4256 183 4306 V·
204 4260 264 4309 ³94.
283 4259 354 4309 Edit.
374 4259 472 4309 venet.
491 4271 549 4322 pro.
569 4262 711 4313 alacris
729 4264 747 4312 1.
768 4263 870 4313 alacer.

148 4347 182 4398 V.
203 4352 264 4409 teu.
284 4351 355 4402 Edit.
375 4350 472 4402 venet.
491 4365 541 4414 pro
557 4353 631 4406 lata
649 4354 668 4404 l.
688 4353 871 4416 utrinque.
