2990 4906
1248 325 1366 394 xlll

1146 388 1151 424 i

175 571 218 619 dio
242 563 301 632 jam
334 568 363 616 et
396 560 542 640 diligentia
571 563 708 622 praestes.
744 560 787 610 Ex
819 570 852 610 eo
881 555 948 608 nihil
974 556 1064 620 magis
1088 555 1209 620 studuit,
1237 565 1319 618 quam
1335 557 1367 604 ut

173 668 371 723 saocherio
390 665 608 717 doctissimorum
619 665 743 716 virorum
760 663 910 714 amicitiam
928 659 1099 711 conciliaret.
1135 659 1250 709 l'antum
1268 660 1366 710 aberat

171 741 213 826 ab
225 773 425 825 obtrectatione
443 770 472 817 et
489 767 604 834 invidia,
624 780 695 832 quae
714 768 787 820 solet
805 767 890 816 etiarn
902 764 1053 814 amicorum
1068 763 1186 830 gratiam
1195 763 1366 814 exulcerare.

239 876 318 926 Nunc
337 875 380 922 est
395 873 428 923 de
446 873 536 923 altera
553 869 614 937 ejus
631 872 713 922 laude
732 870 883 920 dicendum.
920 871 1036 934 Magnus
1053 867 1171 918 mathesi
1188 866 1242 916 ruit
1259 863 1366 932 Cera,

168 993 221 1030 nec
238 979 327 1029 minor
343 977 372 1025 in
390 976 466 1036 poesi
472 989 483 1040 3
502 987 566 1026 nam
584 975 698 1026 mirifice
716 977 752 1026 ad
770 977 840 1025 hanc
855 973 959 1024 iactum
974 969 1036 1038 ejus
1049 973 1195 1022 videbatur
1212 969 1366 1035 ingenium3

128 1150 131 1156 ¹
171 1088 199 1134 et
216 1079 415 1144 praestantiam
433 1079 588 1130 declaravit
605 1080 640 1129 ab
658 1079 847 1130 adolescentia
863 1089 917 1129 non
929 1076 1153 1140 qualemcumque
1170 1076 1282 1140 eclogas
1298 1075 1370 1126 scri·
1470 1077 1475 1087 “

169 1188 258 1238 hendo
278 1188 306 1236 et
324 1183 433 1234 fabriles
451 1182 597 1232 admodum
615 1182 767 1246 elegantes.
804 1173 900 1231 Mirari
917 1183 1009 1230 autem
1026 1164 1117 1246 subit,
1141 1180 1207 1243 quid
1234 1180 1274 1229 ita
1297 1177 1368 1228 certi

169 1289 291 1340 homines
308 1289 359 1337 hoc
385 1285 523 1336 avaritiae
548 1286 664 1348 flagrent
690 1294 811 1347 genere,
841 1285 985 1345 utrumque
1010 1287 1041 1332 ιι
1065 1287 1183 1334 renuant
1212 1285 1240 1333 et
1264 1295 1314 1333 eas
1336 1267 1366 1332 in

170 1393 270 1455 vulgus
289 1381 390 1455 edere,
416 1390 444 1434 et
467 1396 537 1435 vero
555 1385 640 1433 etiam
659 1395 719 1432 curn
738 1383 834 1433 amicis
859 1395 915 1434 una
933 1385 1144 1435 communicare.
1180 1385 1238 1436 Nos
1258 1387 1366 1448 quidem

172 1493 233 1542 sale
251 1503 313 1541 esse
333 1493 361 1540 et
377 1489 472 1550 lepore
489 1485 575 1536 ιιιιιιιο
593 1489 725 1534 venustas
742 1485 859 1548 ecimus3
877 1487 974 1537 videre
992 1489 1085 1537 tamen
1101 1488 1180 1539 licuit
1197 1485 1368 1548 nondum.*)

171 1593 240 1643 Utut
257 1596 298 1644 est
316 1595 422 1658 autem,
444 1589 539 1641 (leva
556 1589 622 1639 mihi
640 1589 749 1638 videtur
766 1588 852 1639 scrisse
866 1595 950 1652 poeta
968 1603 1023 1642 non
1039 1605 1109 1642 unus
1123 1605 1140 1642 c
1154 1592 1262 1658 multis„
1276 1593 1367 1653 potius

169 1694 242 1744 iuter
259 1695 359 1744 multos
377 1705 460 1755 prope
478 1693 635 1758 singularis.
673 1685 807 1752 Quoniam
834 1695 906 1745 enim
929 1695 997 1745 illud
1019 1696 1130 1747 videtur
1148 1707 1210 1744 esse
1227 1695 1367 1758 proprium

167 1801 325 1862 poetarum,
344 1799 376 1845 ut
393 1797 525 1862 doceant,
544 1796 625 1846 simul
643 1797 713 1848 mlra
731 1799 850 1848 animum
878 1777 1036 1850 devinciant
1050 1795 1241 1865 jucunditate,
1261 1802 1367 1849 utrum·
1392 1862 1397 1872 .

168 1913 220 1966 que
238 1903 347 1968 effecit,
367 1902 436 1952 adeo
454 1903 604 1962 praecepta
619 1901 825 1966 exquisitasque
841 1903 993 1954 sententias
1010 1903 1088 1954 molli
1103 1915 1189 1952 versu
1205 1901 1369 1964 pellucenti-

168 2018 220 2068 que
238 2007 386 2055 vestiebat.
424 2005 483 2065 Quo
501 2006 531 2054 in
548 2016 652 2069 genere
669 2006 757 2054 omnis
782 2001 844 2069 ejus
867 2009 911 2056 est
938 2006 1012 2057 ratio
1034 2010 1172 2069 tamquam
1200 2004 1370 2056 vermiculat·¹

166 2110 223 2157 tum
241 2109 395 2158 emblema:
414 2109 502 2158 omnis
519 2111 563 2156 est
579 2107 750 2169 pulchritudo
769 2109 805 2157 ab
822 2110 937 2175 nativa,
962 2109 1062 2173 varia,
1080 2111 1213 2170 perpetua
1230 2120 1366 2159 novarum

165 2223 258 2260 rerum
276 2211 408 2273 imagine,
426 2209 535 2270 singula
552 2207 699 2256 suavitatis
717 2210 746 2253 et
763 2207 847 2254 animi
864 2203 1021 2266 plenam)
1048 2209 1084 2256 Et
1100 2209 1169 2256 illud
1188 2210 1211 2256 si
1230 2200 1367 2267 probatis·

169 2315 268 2363 simum
287 2314 331 2361 est
349 2320 436 2374 genus
453 2307 607 2372 poetarum,
627 2304 674 2367 qui
689 2315 744 2354 non
761 2302 849 2354 solum
866 2304 989 2367 tabulam
1005 2306 1115 2372 ingenio
1134 2309 1291 2376 subtexunt,
1317 2313 1367 2362 sed

168 2425 260 2465 mores
277 2412 403 2477 personis
422 2410 642 2460 accommodatos
659 2407 701 2457 sio
718 2407 858 2475 referant,
885 2411 917 2458 ut
934 2421 1029 2459 earnm
1046 2411 1199 2473 exprimere
1219 2413 1366 2480 imaginem

169 2517 375 2567 consuetudinis
404 2511 534 2577 vitaeque
561 2513 717 2578 videantur,
736 2511 803 2562 nihii
821 2516 882 2581 est,
911 2511 965 2562 nisi
987 2513 1133 2575 plurimum
1166 2517 1264 2586 fallor,
1294 2521 1366 2584 quod

169 2622 297 2683 cuiquam
313 2619 402 2684 magis
420 2618 457 2668 sit
474 2617 669 2682 expetendum,
694 2617 774 2667 modo
794 2617 954 2680 idylliorum
972 2629 1020 2666 eos
1036 2616 1124 2668 libros
1142 2620 1281 2687 consulat,
1319 2623 1365 2685 qui

168 2729 232 2776 erint
250 2725 289 2774 de
307 2735 414 2786 puero
432 2721 450 2770 J
460 2733 534 2769 esu.
572 2719 632 2769 lluc
649 2731 717 2768 vero
736 2719 829 2770 omnia
847 2721 1000 2786 pertinent,
1030 2733 1083 2784 quo
1112 2726 1192 2775 modo
1211 2725 1363 2777 Nazarenis

168 2827 271 2877 sensim
289 2839 320 2876 se
338 2838 407 2888 puer
423 2823 542 2886 prodidit
560 2824 654 2884 deum;
682 2825 710 2872 et
735 2824 822 2874 omnis
848 2810 891 2875 est
916 2827 1060 2878 Athanasii
1084 2831 1112 2877 et
1137 2830 1363 2893 gravissimorum
1419 2857 1421 2861 ι

169 2931 263 2980 innixa
291 2930 455 2991 scriptorum
476 2905 642 2977 auctoritati
665 2928 810 2978 sententia.
854 2929 942 2992 Igitur
966 2932 1002 2980 ab
1029 2933 1157 2994 Aegypto
1184 2933 1211 2981 in
1243 2935 1361 2994 patriam

165 3033 292 3084 redeunti
309 3031 374 3082 mali
393 3032 540 3082 daemones
565 3029 681 3091 primum
703 3031 793 3082 moliri
810 3031 938 3099 insidias,
958 3033 1028 3083 dolis
1045 3035 1143 3085 deinde
1162 3035 1258 3085 dubios
1275 3037 1363 3097 plebis

167 3137 274 3186 animos
293 3137 327 3184 de
346 3130 407 3198 ejus
426 3135 568 3185 divinitate
585 3133 698 3198 iacere,
716 3133 834 3183 miscere
853 3135 1022 3196 captionibus
1041 3139 1069 3184 et
1086 3135 1243 3201 praestigiis
1261 3112 1361 3188 omnia.

167 3241 223 3290 Sed
240 3239 354 3290 retectis
371 3240 408 3288 ad
425 3242 576 3289 extremum
593 3237 735 3288 fraudibus
752 3236 953 3288 sanctissimum
967 3244 1187 3301 omnes'puerum
1199 3251 1362 3306 agnoscere,

168 3339 246 3408 cujus
262 3343 369 3406 pridem
387 3350 497 3406 amore,
529 3339 729 3406 admiratione,
761 3340 882 3391 oraculis
898 3339 1074 3407 ferebantur,
1105 3351 1220 3403 eumque
1253 3343 1361 3407 magnis

166 3571 201 3633 ι)
219 3575 241 3625 ιι
260 3575 364 3635 (Cava)
382 3587 416 3624 ne
450 3570 608 3622 conservoit
641 3584 759 3636 presque
790 3573 850 3622 rien
882 3573 916 3621 de
939 3585 985 3622 ses
1013 3571 1117 3639 ocrits,
1152 3577 1181 3624 et
1204 3587 1307 3626 comme
1325 3577 1360 3626 iis

219 3647 321 3696 ιιοιιιιι
337 3643 500 3695 recherches
518 3655 590 3692 avec
607 3647 835 3709 cmpressenrent,
867 3643 947 3692 illes
975 3644 1087 3694 dounoit
1112 3657 1182 3694 avec
1206 3660 1259 3695 nne
1279 3631 1359 3697 bonta

219 3721 317 3766 etune
346 3715 451 3764 facilit&
478 3709 560 3776 quon
591 3713 694 3762 oseroit
711 3726 827 3775 presque
851 3713 892 3763 lui
917 3717 1082 3777 reprocher,
1116 3715 1142 3766 ai
1167 3729 1213 3764 ces
1242 3718 1360 3779 qualitas

216 3786 298 3848 apres
323 3789 383 3835 tout
407 3781 539 3835 ιιιιοιιιιιι
562 3783 735 3844 preferables
760 3796 815 3834 aux
837 3783 926 3834 talene
952 3787 987 3835 de
1010 3782 1126 3848 l’esprit.
1162 3788 1361 3896 biemoires

218 3857 237 3906 ι.
257 3869 282 3907 c.
300 3868 363 3916 pa
383 3858 443 3906 ιιι.

164 3923 216 3992 Η)
234 3927 294 3976 Une
312 3868 483 3986 ριξιιιιιιιιιιι
499 3924 600 3975 subtile
618 3925 646 3974 et
661 3924 795 3985 protendo
813 3926 880 3975 dans
896 3921 1069 3992 l'invention,
1087 3939 1140 3976 une
1157 3929 1261 3978 nettete
1274 3929 1347 3980 aduri

218 3997 297 4048 rabie
315 3998 382 4049 dans
399 3992 575 4058 l’exposition
600 3995 660 4045 font
683 3995 710 4046 le
730 3994 873 4046 caractere
891 4008 991 4056 propre
1018 3998 1052 4045 de
1083 4009 1131 4046 cae
1156 3998 1280 4048 derniers
1308 4002 1384 4062 (les¹

219 4078 358 4130 ouvrages
385 4067 418 4114 de
444 4067 515 4116 belle
531 4065 701 4116 Litttrature
727 4069 756 4116 et
783 4067 817 4115 de
843 4063 910 4132 gott
933 4067 968 4115 ιιιι
992 4064 1058 4127 pere
1083 4067 1184 4126 Cera).
1221 4071 1295 4120 Dans
1319 4072 1360 4122 les

218 4138 331 4190 Potsies
349 4136 459 4185 brillent
475 4137 504 4188 la
527 4135 683 4186 nouveaute
706 4136 755 4186 des
779 4137 871 4203 ideas,
888 4132 1060 4228 l’ifle'ganoe,
1099 4137 1136 4186 ιε’
1151 4139 1197 4188 feu
1222 4142 1360 4203 poetique.

218 4209 325 4260 Fauo-il
348 4203 488 4257 s’etonner
511 4207 559 4256 des
582 4207 699 4256 editions
724 4207 857 4258 reiterees
880 4207 926 4270 qui
950 4203 1010 4256 s'en
1027 4209 1089 4257 sont
1114 4209 1200 4260 faites
1224 4225 1258 4261 en
1283 4212 1361 4262 ltalie

218 4286 247 4330 et
264 4282 327 4329 hors
345 4274 470 4342 d’ltalic,
501 4279 550 4326 des
578 4278 747 4328 traductione
771 4279 817 4340 qui
846 4277 890 4329 les
914 4281 961 4327 ont
984 4278 1035 4328 fait
1061 4290 1158 4340 passer
1188 4294 1223 4330 en
1240 4277 1361 4332 d'autres

219 4349 349 4414 langues,
369 4349 403 4398 de
419 4343 655 4409 l'empresaement
672 4344 691 4398 a
707 4347 749 4399 les
764 4348 834 4408 lire,
866 4349 900 4398 de
917 4343 1035 4400 i'estime
1060 4346 1142 4413 qu'on
1165 4363 1200 4401 en
1226 4364 1244 4402 a
1267 4339 1359 4402 faite?

218 4421 414 4470 hiemoires
431 4419 495 4472 lc.
513 4429 576 4483 pag.
596 4419 659 4470 tat.
