2960 4908
148 229 219 308 tet
545 187 789 290 steen
831 220 926 292 v111.
990 256 992 268 ·
1102 214 1105 222 ·

147 423 262 492 Facta
285 413 390 503 foro,
406 429 528 512 'utque
553 413 653 486 ecies
675 429 778 488 torvo
802 414 1023 488 circumtulit
1046 441 1110 488 ure
1254 433 1327 502 '150

147 539 257 612 Dicte
280 559 435 636 parens,
460 550 500 605 ut
524 558 643 632 genua
667 533 748 606 solo
772 534 866 608 flexa
890 536 1052 634 undique
1075 535 1164 608 vidit

145 657 309 734 Perfidus
316 683 330 751 3
355 655 447 726 haec
469 652 619 726 tandem
643 655 756 728 foeda
781 643 986 730 execranda
1009 654 1171 730 locutuse

147 785 227 870 En,
260 777 467 850 fortunatae
492 790 637 870 gentes,
663 801 710 847 en
732 775 891 876 denique
915 775 1046 850 vindex

147 899 299 998 Antiqui
324 893 494 982 sceleris,
519 896 721 993 promissus
746 898 887 971 vatibus
912 898 975 969 ille

71 1103 72 1124 ,
147 1022 306 1094 Numine
327 1015 557 1117 progenitus,
582 1019 673 1092 votis
698 1019 944 1118 precibusque
967 1018 1123 1117 petitus,
1255 1034 1326 1102 155

149 1142 267 1240 Quem
290 1153 479 1210 venturum
504 1137 593 1209 olim
615 1163 743 1210 sacrae
769 1138 938 1210 cecinere
963 1121 1149 1236 Sibyllae.¹

147 1263 250 1358 Quae
277 1282 389 1331 causa
412 1257 451 1328 in
475 1275 637 1330 terrase
663 1258 810 1329 summis
837 1258 952 1358 egerit
979 1259 1104 1346 astris,

149 1379 288 1479 Quidve
313 1378 411 1450 feret
435 1377 541 1450 lateri
564 1376 694 1450 mulier
720 1404 843 1452 comes
871 1377 995 1449 addita
1021 1394 1150 1450 nostro

148 1500 334 1599 Accipite,
361 1517 398 1570 et
421 1519 609 1572 memores
629 1499 769 1572 animos
796 1498 971 1573 advertite
997 1495 1123 1576 dictist

143 1622 242 1694 Ante
268 1619 380 1692 chaos
404 1619 617 1717 primosque
640 1636 740 1691 ortus
767 1636 803 1691 et
827 1619 968 1690 semina
991 1599 1113 1689 rerum
1258 1629 1328 1706 140

145 1741 249 1813 Haeo
274 1735 364 1810 mihi
384 1755 498 1836 nupta
521 1740 622 1833 Dea,
647 1739 901 1836 innumerique
922 1737 1009 1811 hinc
1035 1737 1149 1809 ubere
1173 1756 1283 1837 partu

145 1857 295 1956 Egressi
318 1856 357 1927 in
381 1855 522 1944 lucem,
546 1873 711 1928 nostrum
736 1882 870 1955 geone,
896 1857 1028 1955 Angeli
1053 1858 1100 1930 ub
1125 1858 1220 1938 alto·

144 1979 202 2051 llli
228 1994 350 2049 sutem
375 1973 531 2047 artifices
555 1963 688 2046 rerum
702 1993 912 2073 terramque
935 1975 1136 2076 polumque

147 2095 392 2184 Stellifcrum,
425 2111 536 2195 atque
569 2094 756 2166 hominum
785 2093 1042 2202 pecudumque
1075 2116 1186 2200 utque
1218 2129 1326 2178 omne

767 2231 957 2286 natantum

144 2337 315 2411 Eduxere
340 2357 468 2433 genus.
518 2331 594 2405 Sed
617 2333 716 2408 fastu
740 2333 946 2433 opibusque
970 2350 1150 2415 tumentes
1257 2354 1326 2430 145

149 2457 199 2528 Sc
227 2455 395 2527 dominos
419 2452 484 2526 tali
508 2453 637 2552 puduit
661 2454 838 2552 genitrice
865 2471 1023 2530 creatoS.

145 2577 326 2675 Dejeccre
351 2576 439 2672 polo
466 2601 547 2647 eum
573 2573 718 2646 sidereo
744 2572 918 2646 comitatu

141 2674 328 2770 ‘Natorum
350 2695 444 2789 fido,
471 2712 508 2767 et
528 2696 701 2766 miserem
723 2718 791 2791 per
815 2694 942 2766 secula
967 2713 1114 2770 centum

147 2819 353 2912 Lustraque
377 2812 434 2885 his
460 2830 601 2919 septem
625 2811 772 2888 mortali
797 2813 975 2908 compede
1001 2816 1171 2913 vinctum,

76 2951 79 2970 ¹
148 2938 263 3032 lnque
289 2933 361 3005 ulia
386 2959 429 3004 ex
450 2931 530 3005 eliis
554 2929 951 3027 transfusamcorpora
974 2938 1090 3008 suevis
1254 2956 1326 3024 150

148 3060 332 3128 Exercent
353 3053 496 3153 poenis.
545 3052 641 3124 Hinc
664 3046 897 3123 illa'Ennoia
919 3053 1089 3151 primum,

151 3391 186 3443 V.
206 3393 340 3453 1ttseqq.
360 3389 510 3442 'imonis
528 3391 707 3439 commentum
719 3388 752 3438 de
762 3387 860 3441 Selene
876 3396 1035 3462 etAngclis.
1057 3397 1099 3448 Ex
1109 3395 1233 3449 beneco,
1249 3399 1271 3464 1,
1284 3402 1328 3451 20.

150 3536 185 3587 V.
205 3536 264 3588 tte.
283 3533 406 3596 sibyllae
432 3518 471 3598 (a
493 3515 556 3590 σιός
576 3534 646 3586 aeut.
665 3545 714 3595 pro
735 3517 808 3592 θεὸς
836 3539 868 3587 et
889 3526 963 3608 βυλὴ
988 3557 1038 3608 pro
1065 3529 1175 3610 βουλὴ,
1196 3546 1247 3597 Dei
1263 3557 1329 3596 cou-

286 3623 397 3690 silium)
443 3625 564 3690 virgines
609 3625 705 3676 decem
759 3627 907 3700 fatidicae,
969 3649 1081 3698 quarum
1132 3639 1328 3688 celeberrimae

288 3717 486 3778 Erythraea
514 3719 543 3765 et
569 3715 716 3768 Cumana
749 3718 867 3775 fuerunt.
920 3723 977 3778 cfr.
1006 3729 1085 3778 lerv-
1111 3731 1179 3780 Aen.
1208 3733 1239 3795 8,
1264 3731 1327 3781 tte.

286 3811 362 3859 Lact.
381 3809 406 3860 1.
426 3808 451 3857 e.

149 3945 185 3996 V.
206 3937 270 3997 tte
283 3944 353 3994 Edit.
371 3941 469 3992 venet.
488 3950 538 4002 pro
555 3942 588 3990 et
604 3940 764 3994 miserem
781 3944 801 3995 l.
818 3950 900 4010 atque
916 3948 1011 4010 ipsam.

151 4089 185 4141 V.
206 4091 263 4142 151.
282 4089 412 4140 Ennoie
430 4071 555 4152 (ἔννοια,
585 4084 674 4153 notit,
701 4078 895 4157 intelligentie)
916 4094 944 4142 in
967 4094 1119 4162 Aeonibus,
1147 4095 1261 4161 triginta
1277 4096 1329 4146 diis

288 4181 385 4242 purtim
403 4179 537 4246 maribus,
562 4178 661 4240 partim
680 4179 802 4247 semime,
830 4183 1077 4238 Valentiniani
1096 4187 1219 4238 Gnosticl
1234 4200 1329 4240 nume-

287 4274 374 4324 ratur.
410 4271 520 4321 tertull.
539 4273 601 4321 adv.
620 4271 728 4323 Valent.
747 4276 773 4324 7.
