2990 4906
142 221 361 310 xx.

146 470 295 534 ancipitum
320 470 383 521 inde
407 475 535 534 paternas
560 471 644 523 aedes
674 473 747 526 solit
771 476 948 534 (toti-itio).
984 474 1091 544 Puero,
1116 477 1199 528 lttatrl
1222 481 1260 547 et,
1275 477 1358 554 sent

82 593 84 598 ’
145 610 256 663 nutritio
279 609 377 662 felices
392 612 481 662 somni
495 615 627 662 noctrrrno
645 619 727 670 conto
744 627 760 664 o
778 615 855 666 coelo
873 618 1043 668 devocantur
1058 617 1234 677 (too-rra).

561 881 777 952 aroer
817 885 910 954 ιιι.

216 1065 339 1116 Daemon
354 1065 443 1118 livore
460 1069 583 1118 concitus
600 1069 700 1120 bellum
718 1073 850 1122 adversos
866 1072 961 1122 lesum
978 1071 1089 1122 molitur
1105 1072 1227 1132 (1-57).
1265 1073 1345 1133 Spe-

144 1203 283 1256 culatores
299 1203 418 1256 lemures
435 1209 548 1268 mentito
565 1210 659 1262 habitu
676 1212 813 1262 Nazareth
829 1213 1039 1275 praemittuntur
1056 1213 1214 1270 [oi-rol).
1243 1212 1345 1262 Armi-

142 1341 268 1398 lustrium
284 1347 434 1400 inPerside
442 1349 591 1403 instituitur
608 1352 785 1410 ssot-aori.
820 1352 850 1402 In
860 1354 994 1403 conventu
1001 1352 1205 1403 Nazaraearum
1215 1355 1340 1402 matrum

143 1489 290 1546 praesente
306 1488 421 1554 Virgine
443 1492 564 1543 Daemon
589 1492 746 1554 explorator
769 1493 905 1560 detegitur
929 1493 1115 1553 (toi-279).
1152 1492 1273 1554 Deipara
1300 1493 1339 1542 ab

145 1627 253 1690 angelo
279 1633 418 1699 monetur,
445 1635 477 1682 nt
499 1633 612 1682 secedat
637 1644 698 1681 cum
723 1632 812 1683 Puero
836 1631 866 1682 in
891 1633 1028 1682 desertum
1051 1630 1166 1682 Joannis
1192 1628 1337 1687 Baptistae

143 1766 320 1827 (aio-ool).
355 1767 455 1822 Castra
476 1771 585 1854 interna
606 1771 635 1820 in
651 1775 757 1821 montes
774 1771 886 1821 Abarim
903 1767 1087 1838 descendunt,
1115 1773 1196 1832 atqua
1213 1769 1253 1818 ioi
1269 1768 1334 1818 rixa

144 1910 255 1976 exorto,
273 1907 336 1961 m'ox
353 1911 442 1964 classe
459 1915 544 1965 atreo
561 1913 688 1979 delapsa,
707 1911 860 1964 bacchanal
877 1914 1033 1965 celebratur
1049 1910 1225 1972 (iti-itio).

567 2158 783 2229 moer
822 2161 903 2230 IV.

211 2345 334 2408 Deipara
350 2358 411 2396 oum
427 2347 496 2396 Jesn
511 2359 598 2409 puero
620 2349 649 2410 in
665 2347 767 2397 vallem
784 2343 904 2396 Aenonis
927 2345 963 2394 ad
980 2314 1072 2394 clivom
1088 2339 1222 2395 Joennem
1238 2343 1330 2404 Bapti-

141 2483 426 2552 compromiserat,
450 2487 478 2533 et
493 2483 568 2534 leonl
584 2484 687 2551 sitienti
704 2494 803 2546 aquam
821 2495 837 2532 a
854 2486 936 2544 puteo
954 2483 1044 2533 lraorlt
1061 2483 1184 2541 (1-61).
1220 2483 1327 2534 Perellns

143 2623 243 2674 densos
263 2624 336 2676 inter
357 2638 457 2688 vepres
481 2637 544 2676 sese
568 2624 689 2674 occultat
706 2623 858 2682 (al-or).
894 2621 990 2672 Puella
1007 2626 1135 2674 montena
1152 2635 1245 2674 amore
1261 2623 1326 2674 Jesu

143 2765 225 2826 capta
249 2764 337 2814 eidem
360 2764 435 2814 terre
458 2764 582 2814 osculum
604 2763 751 2829 aVirgine
774 2765 863 2815 Matre
885 2763 1029 2830 impetrat,
1060 2759 1174 2828 ejusque
1195 2758 1275 2828 jussu
1297 2764 1323 2813 in

142 2899 219 2952 fonte
236 2915 267 2952 ae
283 2902 391 2955 intuens
408 2893 539 2954 mutatam
556 2904 609 2955 sibl
618 2903 719 2954 faciem
728 2915 842 2967 eamque
851 2901 1058 2965 pulcherrimam
1068 2906 1159 2966 stupet
1170 2904 1322 2960 (el-tao).
1421 2907 1426 2916 “

141 3041 231 3093 Maria
247 3044 283 3093 ad
299 3043 432 3097 Joannem
448 3047 525 3096 venit
542 3046 729 3106 (tao-oto).
766 3045 887 3112 Angelus
908 3044 937 3094 in
959 3044 1046 3098 sinum
1064 3045 1191 3096 Abrahao
1216 3044 1322 3096 nuncios

136 3147 175 3232 ‘rio
191 3183 288 3234 renes
304 3185 421 3238 mittitur
437 3187 613 3247 (eea-roo).
678 3167 685 3188 '

579 3430 795 3503 lailot·
840 3431 887 3498 V.
977 3517 980 3528 Ι

208 3620 284 3670 Aves
309 3622 449 3672 tartareae
474 3621 618 3686 Virginem
649 3621 677 3669 in
695 3618 769 3670 valle
800 3630 862 3668 cunr
887 3616 993 3668 Joanne
1019 3615 1143 3676 Baptista
1168 3615 1317 3685 observant,

136 3755 218 3820 idque
235 3758 380 3832 incastris
397 3763 532 3829 nuntiant,
552 3765 580 3812 et
597 3760 697 3810 bellum
714 3757 864 3809 sollicitant
880 3756 1003 3815 (1—42).
1031 3755 1106 3804 Deus
1122 3754 1206 3804 Pater
1219 3757 1315 3822 Angelo

137 3896 264 3964 mandat,
295 3906 325 3949 nt
351 3904 499 3953 coelestem
518 3903 646 3950 Puerum
670 3911 730 3948 eum
757 3897 897 3948 Genitrice
924 3898 953 3945 in
982 3894 1139 3957 paradisum
1165 3899 1315 3948 terrestrem

136 4039 295 4090 transvehat
323 4043 464 4102 (ti-90).
499 4043 612 4092 Jnditlra
644 4039 674 4089 in
703 4037 806 4106 somnia
835 4039 869 4086 ab
900 4036 1013 4102 Angelis
1038 4039 1161 4087 armatur
1193 4039 1315 4118 adversus

135 4179 229 4230 irestes
246 4181 405 4239 (eo—127).
441 4179 612 4231 Describitur
627 4181 680 4231 iter
689 4181 803 4230 aereum
820 4177 848 4226 in
861 4179 993 4268 terrestre
1004 4175 1127 4242 Elysium
1146 4177 1312 4242 (tio-toti,

37 4335 50 4382 ᾖ
135 4323 163 4369 et
182 4318 274 4372 clades
292 4319 457 4371 Daemonnm
477 4320 505 4368 in
524 4319 597 4369 valle
615 4321 735 4371 Aenonis
753 4319 928 4378 [toi—tii).
