2960 4908
579 203 900 280 LIBERV.

163 399 351 476 Narrabat
374 399 502 474 Matris
527 400 678 490 Mater,
675 425 782 500 quae
805 399 900 472 mira
921 424 990 500 per
1010 357 1190 476 umbram*
1239 451 1241 458 .

93 558 124 586 ··.
160 521 264 597 Haec
282 521 372 594 mihi
396 547 470 594 nox
495 518 641 592 tulitin
665 519 803 595 somnis
828 521 1043 624 spectacula
1063 523 1204 608 rerum!

164 645 281 744 Quam
307 666 347 714 se
373 623 537 730 coelesti
550 641 669 726 Maria
694 639 828 714 obtulit
852 642 961 725 obvia
983 658 1105 720 vestet
1231 705 1234 713 .
1278 659 1351 728 100

162 763 231 862 Qui
257 761 390 862 capitis
417 761 533 844 decor
558 779 595 834 et
620 761 758 835 cultus!
785 762 849 862 qui
874 785 1023 862 gressus
1050 762 1169 842 eunti'
1231 807 1241 844 ·,
1334 855 1336 870 Ι

161 884 230 954 llla
255 883 345 955 mihi
369 883 407 954 in
432 900 542 984 prato
566 899 799 968 tercentum
820 882 899 961 risa
921 882 1067 983 puellas
1192 953 1196 961 ,

160 1006 263 1075 Inter
279 1002 433 1102 virginei
458 1003 683 1079 moderatrix
708 1003 863 1107 agminis
889 1003 1015 1076 album
1113 1077 1118 1084 ,

108 1192 114 1202 ,
160 1122 355 1196 Vexillum.
370 1124 561 1224 praeferre
587 1143 717 1202 manu:
742 1149 877 1225 meque
903 1122 968 1199 illa
993 1147 1194 1223 sequacem
1238 1175 1244 1195 ι
1287 1173 1291 1183 *-

160 1245 268 1316 Ultro
298 1244 476 1317 invitabat
500 1244 627 1318 dictis·
647 1245 772 1320 Vin'tu
803 1269 951 1344 quoque
975 1261 1105 1316 nostro
1206 1323 1208 1328 ,
1245 1285 1249 1300 1
1283 1261 1355 1332 105

162 1362 339 1463 Adjungi,
364 1363 525 1456 Juditha,
550 1362 696 1439 choro?
722 1364 940 1464 pariterque·
960 1363 1096 1436 referri
1190 1435 1193 1444 Δ

161 1484 239 1572 Has
265 1484 360 1564 inter
384 1485 539 1559 comites
564 1485 689 1573 Diras,
716 1509 809 1582 quas
834 1483 998 1584 undique
1024 1483 1164 1588 campis
1210 1564 1213 1572 ,

167 1602 382 1677 Concordes
408 1629 533 1678 errare
558 1601 687 1678 rides?
714 1603 779 1676 Sic
803 1601 869 1676 illa
890 1604 1034 1678 aaronis
1113 1673 1116 1680 .

160 1725 296 1802 Dicere
322 1724 400 1800 risa
425 1724 564 1797 modist
592 1723 652 1806 cui
675 1724 770 1808 miro
796 1725 945 1801 concita
961 1745 1088 1806 amore
1149 1801 1153 1810 ,
1187 1793 1190 1800 .
1233 1777 1237 1792 ·

159 1845 325 1917 Assensu
351 1844 530 1924 ardebam
554 1844 668 1920 tacito
695 1845 785 1920 dare
810 1872 960 1937 nomen,
988 1846 1134 1944 etipse
1199 1843 1201 1848 ’
1238 1865 1354 1938 110

160 1966 243 2037 Vox
268 1965 403 2037 eratin
426 1964 546 2037 vultu:
574 1980 613 2035 at
637 1966 789 2036 conanti
810 1964 968 2040 reddere
982 1989 1105 2038 moces

161 2085 299 2166 Verba.
313 2083 436 2184 pudor
467 2082 597 2162 tenuit.
647 2084 767 2158 Castis
790 2081 1036 2170 tunc-oscula
1055 2083 1174 2158 labris
1213 2131 1217 2140 »

162 2202 439 2302 Amplexusque
461 2201 582 2275 dedita
607 2202 843 2303 primamque
863 2201 1051 2276 recensuit
1073 2202 1172 2276 inter

162 2324 366 2424 Belligeras
385 2322 532 2422 socias„
569 2321 707 2394 Dextra
731 2321 911 2421 laevaque
935 2321 1149 2397 volucres·

163 2434 335 2518 Protinus
352 2437 536 2546 armigeri,
563 2425 624 2517 hic
644 2437 888 2543 chlamydem,
914 2438 1234 2536 cuicandidaliuo
1285 2463 1354 2530 115

167 2565 263 2637 Crux
287 2565 410 2638 medio
435 2552 575 2640 inserta
581 2592 594 2660 3
619 2564 683 2638 hic
705 2581 878 2662 torquem
903 2564 1124 2666 galeamque
1150 2587 1358 2645 comantem

165 2689 279 2757 Ferre
305 2685 525 2764 videbatur·
560 2675 670 2758 Visus
697 2707 846 2783 quoque
871 2684 1015 2759 Jesulus
1040 2712 1107 2760 ore

167 2805 230 2879 Sic
256 2797 484 2880 far'i‘roseo'z
510 2803 780 2878 Nostrcs'hinc
806 2820 957 2878 strenua
981 2807 1020 2880 in
1041 2807 1191 2880 'hostes'

58 2997 64 3006 ,
163 2926 339 3016 Bellatrir
363 2927 461 3002 haec
484 2951 587 3002 arma
613 2949 741 3024 geues*v
780 2907 863 3005 ¹Ntc
887 2921 996 3023 plura
1020 2925 1185 3012 locutus:

164 3051 261 3120 Nam
287 3049 408 3122 subito
436 3045 532 3141 (visu
556 3041 765 3140 mirabilel)
800 3067 931 3114 currus
954 3042 1003 3115 ab
1028 3043 1104 3116 alto
1167 3071 1170 3078 ·
1223 3064 1226 3078 ·
1285 3060 1355 3127 120

167 3167 317 3240 Adstitit
343 3185 428 3240 ante
455 3165 583 3276 oculos
608 3162 722 3236 radiis
749 3165 860 3264 atque
887 3188 954 3235 axe
978 3181 1160 3237 rotarum
1239 3167 1262 3205 ‘'
1368 3205 1373 3220 ·

165 3291 220 3360 Ex
245 3315 335 3361 auro
358 3269 585 3386 gemmisque
610 3285 712 3384 hyali
739 3285 928 3384 stellisque
955 3275 1169 3378 coruscans.
1220 3277 1224 3286 ¹

169 3408 248 3505 (Me
272 3409 482 3507 miseraml)
508 3433 658 3480 somnus
683 3406 840 3478 media
829 3423 927 3480 mter
950 3405 1041 3478 talia
1065 3407 1179 3507 fugit.

166 3529 246 3600 Nec
271 3527 343 3601 sibi
369 3527 458 3628 quid
481 3545 640 3630 poscant
665 3529 759 3601 haec
785 3541 974 3600 arma'aut
997 3521 1141 3628 praelia
1164 3527 1264 3614 nori.

168 3647 277 3719 Talia
301 3647 493 3752 ssavicomq
518 3647 681 3752 religans
707 3650 779 3728 sihi
805 3647 940 3751 vertice
965 3637 1114 3735 crines
1221 3729 1225 3736 ‚
1284 3661 1355 3733 125

167 3769 328 3839 intortos
352 3768 460 3866 spiris
485 3768 675 3842 referebat
699 3772 843 3843 somnia
867 3769 1004 3844 tudith.

225 3887 408 3958 Interea
432 3913 543 3989 super
566 3892 792 3991 Euphratem
816 3892 1030 4006 Tigrimque
1055 3891 1250 3961 sonantem

167 3999 350 4105 Pennigcr
376 4005 501 4107 auriga
527 4007 575 4080 ad
599 4006 688 4086 solis
715 4011 898 4116 cunabula
921 4035 1028 4086 verso

167 4153 586 4180 mm
660 4171 663 4178 .

132 4283 134 4290 y
167 4215 204 4266 V.
224 4218 284 4268 127.
304 4216 463 4278 Euphrates.
480 4217 530 4284 111,
550 4221 610 4272 107.

182 4365 185 4372 ⁴
239 4319 362 4387 tigr'us
380 4307 529 4388 (litorei
535 4335 561 4374 e.
562 4324 713 4396 medorum
727 4326 940 4384 etarmeucrum
957 4281 1052 4388 rugus
1068 4261 1246 4386 sagitta)⁸
1240 4327 1267 4367 ιιι
1282 4323 1358 4365 mcu-

1080 4403 1150 4486 6*
