2960 4908
545 224 576 294 1·
602 223 669 293 IB
694 225 725 294 E
750 227 785 294 R
834 221 929 294 Vlll.
1261 231 1332 300 tte

47 405 62 477 s
149 419 317 492 Cultores
341 417 518 518 Ephraim
542 434 580 490 et
603 418 767 491 Thersae
792 435 830 490 et
855 413 1098 490 Samaritidos
1123 385 1248 492 orae..
1354 431 1359 435 ·

147 539 227 611 Illic
253 539 407 612 consilio
432 539 472 609 in
496 564 631 637 magno
656 537 876 611 condixerat
900 563 1039 628 amens,
1261 546 1332 616 565

151 661 201 731 Se
225 660 348 757 legem
373 685 393 731 e
421 658 526 731 coelo
552 659 721 752 missam,
748 675 785 730 et
808 683 904 731 nova
924 658 1006 756 jura
1031 655 1205 733 daturum

148 778 345 878 Vulganda
370 779 409 849 in
434 778 602 878 populos.
653 776 794 849 Aderat
819 802 966 876 quoque
990 776 1132 877 perlida
1155 774 1255 852 vultu

150 899 364 998 Composito
390 897 529 997 pellex,
554 897 785 998 pulchroque
810 895 1027 987 incenderat
1050 920 1115 969 ore

146 1019 302 1091 Rustica
327 1017 442 1091 corda
466 1022 598 1110 virum3
621 1019 686 1092 tali
713 1045 754 1092 se
778 1031 990 1117 compserat
1014 1032 1106 1106 arte,

149 1138 214 1210 Sic
240 1138 366 1211 nitidis
392 1137 528 1210 collum
552 1137 702 1228 baccis,
727 1139 781 1211 sic
804 1156 975 1238 tempora
998 1160 1084 1209 vere
1265 1147 1336 1238 310

146 1259 333 1331 Florifero
358 1273 531 1348 ornarat,
557 1247 784 1357 gemmisque
811 1256 966 1330 ardebat
991 1272 1028 1326 et
1051 1269 1167 1344 ostro,

146 1379 260 1451 Nuda
285 1379 457 1450 humeros
483 1379 683 1477 niveosque
707 1380 807 1450 sinus
834 1397 871 1450 et
896 1377 1060 1450 eburnea
1085 1375 1195 1451 colla.

146 1501 229 1570 Nec
256 1498 375 1580 minus
402 1524 422 1569 e
447 1499 566 1571 roseis
591 1499 792 1572 manabant
817 1497 938 1570 dulcia
962 1496 1076 1570 labris

146 1617 295 1706 Verba,
323 1618 453 1717 quibus
478 1613 655 1694 blandum
680 1645 789 1691 saera
813 1618 1018 1720 inspirabat
1043 1639 1217 1690 amorem.

87 1755 90 1764 '
148 1738 301 1832 Omihi
326 1738 461 1811 dilecta
486 1759 570 1813 ante
597 1740 688 1812 alios
716 1739 918 1810 Samaraea
941 1741 1123 1839 juventus,
1267 1744 1337 1814 37⁵

149 1857 191 1929 Si
216 1883 276 1929 me
302 1861 532 1957 progenitam
559 1859 665 1932 coelo
691 1884 768 1930 non
792 1858 916 1932 sidera
940 1883 1086 1928 rursum

149 1980 335 2079 Optarent
359 1978 555 2064 reducem,
582 1979 614 2046 si
639 2000 715 2044 non
740 1974 778 2043 in
802 1977 923 2072 patria
948 1975 1098 2076 Olympi

151 2099 430 2199 Quamprimum
454 2095 643 2168 inveheret
667 2093 852 2166 stellantia
875 2094 1003 2166 limina
1029 2093 1186 2191 conjux3

150 2220 255 2290 Haec
280 2216 409 2306 sedes,
435 2213 575 2309 fateor,
600 2240 691 2314 prae
716 2213 858 2287 cunctis
882 2240 956 2317 una
980 2229 1125 2286 teneret

151 2340 408 2408 Immemorem
432 2335 540 2407 coeli.
590 2337 725 2408 Terras
750 2335 862 2407 invita
886 2334 1070 2434 relinquo,
1268 2345 1340 2415 380

153 2455 306 2556 Quodve
333 2480 450 2553 queo,
476 2471 674 2527 extremum
698 2451 870 2530 lacrimis'
886 2455 1052 2528 obtestor
1077 2479 1251 2528 amorem.

153 2579 233 2650 Vos
261 2594 410 2670 contra,
436 2576 468 2646 si
493 2574 741 2674 quid'merui,
765 2603 834 2675 per
857 2579 1003 2648 Numen
1026 2593 1221 2674 utrumque

154 2695 329 2794 Conjugis
354 2713 465 2794 atque
489 2719 610 2766 meum
635 2713 718 2768 vota
743 2697 943 2768 instaurate
970 2697 1178 2795 quotannis)

154 2818 203 2886 Et
226 2841 426 2887 memorem
450 2817 568 2914 jurate
594 2815 702 2886 fidem
711 2844 723 2909 3
746 2801 878 2914 meque
904 2842 970 2888 axe
997 2842 1196 2917 supernam

155 2933 303 3006 Credite
329 2934 565 3007 descendisse
588 2938 716 3006 Deam.
766 2933 829 3005 Nil
852 2936 1039 3032 poscimus
1064 2935 1172 3026 ultre,
1266 2948 1338 3017 585

153 3057 234 3125 Nec
262 3053 362 3151 leges
389 3053 480 3124 alias
504 3079 616 3150 pono.
670 3052 752 3123 Sint
775 3052 893 3124 libera
920 3053 1051 3151 cuique

154 3173 340 3260 Arbitria,
368 3190 405 3242 et
428 3187 567 3244 vestros
594 3170 642 3242 ad
665 3188 788 3242 votum
813 3171 936 3270 fingite
961 3197 1106 3269 mores3

154 3295 256 3365 Neve
283 3290 376 3362 adeo
401 3292 557 3364 immites
580 3291 738 3391 posthac
761 3291 938 3390 imponite
963 3293 1074 3368 Divos

156 3411 350 3486 Gentibus.
402 3411 434 3483 Ο
459 3412 602 3503 miseri,
629 3411 750 3483 coecis
775 3413 977 3485 terroribus
1004 3414 1077 3486 acti

153 3537 236 3606 Huc
262 3557 403 3630 usque,
430 3548 467 3603 et
491 3557 584 3604 rana
607 3557 778 3631 superum
804 3532 1001 3607 formidine
1026 3535 1116 3614 lusi!
1227 3582 1230 3602 ·
1265 3542 1336 3612 590

154 3655 309 3727 Talibus
333 3655 372 3726 in
397 3651 559 3752 speciem
583 3651 729 3726 blandis
753 3655 978 3754 nequissima
1002 3658 1100 3732 virus

152 3839 568 3859 Μ

158 3949 194 3999 V.
213 3949 273 4000 884.
292 3945 454 3996 Culteres
471 3945 633 4006 Ephraim
651 3945 670 3994 i.
689 3958 714 3996 c.
732 3947 837 3998 incolas
852 3948 927 3998 urbis
945 3951 973 4000 ct
989 3946 1110 4014 reglcnls
1125 3943 1262 4008 Ephraim.

334 4037 462 4088 Therae
479 4038 612 4100 (Thura)
634 4037 700 4088 urba
723 4038 752 4088 in
775 4040 848 4091 tribu
869 4040 1005 4104 Ephraim.
1040 4039 1099 4094 ἔοι.
1119 4039 1169 4105 rt,
1188 4037 1232 4089 rt.
1267 4029 1340 4087 Gau·

294 4130 341 4182 tic.
356 4131 384 4194 t,
402 4132 429 4182 4.

39 4265 44 4276 .
157 4223 194 4274 V.
212 4225 272 4274 stt.
290 4223 362 4272 enit.
381 4222 479 4272 venet.
497 4233 546 4284 pro
563 4221 656 4270 atior
673 4221 692 4270 l.
712 4233 813 4272 omnes.

157 4314 193 4365 V.
210 4315 272 4368 tet.
290 4313 362 4367 ant.
381 4313 477 4401 tenet.
494 4325 545 4378 pto
562 4313 682 4366 miseri
697 4314 717 4364 Ι.
733 4313 844 4364 frustra.
