2990 4906
577 233 891 321 LIBERI.

165 433 376 524 „interdum
400 449 558 533 nuptae,
584 457 680 530 quae
706 431 806 520 sola,
833 447 870 502 et
895 425 1044 526 cognita
1067 426 1203 526 paucis,

165 556 371 644 „Interiora
396 553 525 626 domus
551 562 713 626 servat.“
759 551 866 641 „Sed
892 551 972 648 quis
998 548 1106 644 labqr
1131 543 1222 621 olli?

162 680 273 776 „Quo
298 677 408 749 vitam
433 674 560 746 infelix
584 674 719 746 tolerat
741 689 797 746 tot
823 676 949 746 saucia
975 668 1126 744 curis‘?“

162 802 334 896 „Nempe
361 821 473 867 manu
496 793 673 885 industri,
700 794 897 894 digitisque
924 795 1066 864 intenta
1085 789 1244 880 laborat,
1325 871 1345 898 ,γ

161 920 311 1018 „Pingit
335 943 424 1006 acu,
449 916 641 1013 pictasque
669 931 792 1014 stupet
815 915 950 988 ricinia
973 915 1079 987 telas.
1282 921 1352 988 260

161 1043 292 1128 „Haec
309 1037 493 1136 chlamys,
517 1038 588 1109 hoc
603 1036 755 1136 peplum
770 1038 910 1111 Mariae
928 1035 1037 1110 labor
1063 1052 1140 1128 est5
1166 1056 1259 1134 puer
1284 1031 1354 1102 iste

160 1162 326 1248 „Cereus
353 1153 517 1256 ejusdem
541 1159 680 1257 pariter
705 1157 826 1234 labor.
876 1160 1040 1248 „Hinc,“
1063 1154 1256 1242 Berenice,

160 1284 320 1379 „Teque
345 1296 502 1379 tuosque
527 1296 634 1378 potes
660 1279 839 1375 Phrygios
866 1279 1076 1353 absandero
1103 1276 1234 1367 flores,

106 1405 118 1422 ‘
163 1401 327 1498 „Aspice
351 1425 446 1497 quos
471 1399 583 1471 flores
609 1397 727 1496 pingit
751 1397 933 1470 lesseia.“
980 1401 1090 1487 „Jam
1113 1393 1202 1497 quid

164 1522 247 1607 „De
271 1543 387 1618 puero
414 1520 505 1591 lusu
530 1513 689 1588 narras?
717 1516 1007 1592 Grandiusculus
1033 1517 1097 1590 ille
1279 1527 1349 1594 265

161 1639 374 1728 „Crercrit,
400 1663 589 1737 aequaevo
615 1654 801 1710 venturus
816 1621 982 1738 namque*
1009 1637 1209 1712 december

159 1760 365 1858 „Quartam
388 1759 546 1830 hiemem
571 1759 714 1832 Beuoni
739 1760 872 1840 addett
906 1762 995 1862 quid
1020 1763 1095 1860 jam
1120 1757 1183 1830 ille
1208 1753 1353 1828 tenellis

158 1879 320 1978 „Incipit
343 1878 505 1951 enodare
531 1876 676 1984 labris?
703 1881 806 1980 Quae
831 1883 951 1983 gratia
978 1877 1118 1956 dictis?

160 1998 285 2098 „Quid
311 2001 435 2071 senior
461 1998 624 2097 conjux?
648 2003 856 2099 Ecquando
881 2005 920 2075 iu
945 2003 1066 2103 patria
1091 2015 1192 2072 tecta

159 2121 302 2210 ,Alieni
336 2118 426 2219 quid
458 2119 578 2191 adhuc
613 2123 745 2192 metuit
755 2120 793 2207 9)
825 2140 976 2220 gnatum
1011 2141 1236 2215 uxoremque

579 2236 790 2307 reducet?“
810 2316 814 2322 .
1284 2244 1353 2312 270

161 2359 231 2430 Hic
255 2356 376 2429 honus
402 2355 638 2454 illacrymans
663 2357 800 2455 hospes
817 2355 1003 2455 plorantia
1026 2355 1133 2428 tersit
1233 2378 1236 2388 ·

163 2483 240 2552 Ora
265 2474 467 2574 oculosque
476 2529 496 2566 ,Α
514 2503 717 2574 manusque
745 2476 792 2548 ad
818 2476 943 2550 sidera
968 2475 1113 2548 sustulit
1139 2473 1278 2546 ambas.

161 2583 367 2687 „Delicium
393 2615 560 2668 nostrum
584 2623 676 2696 puer
700 2597 763 2667 ille
789 2615 864 2689 est,
892 2599 1047 2697 ipsaque
1072 2613 1191 2670 mater

160 2717 392 2807 „Transtulit
417 2744 437 2789 e
464 2719 604 2815 gremio
631 2742 744 2817 saepe
770 2718 808 2788 in
833 2745 916 2790 mea
940 2718 1112 2809 brachia,
1139 2715 1304 2790 sednon

160 2837 327 2928 „Oscula
353 2836 451 2910 ferre
467 2839 570 2936 genis
587 2839 690 2936 potui
705 2863 886 2935 unquam,
912 2865 998 2910 nam
1018 2857 1125 2912 sacer
1139 2838 1263 2911 obstat
1282 2849 1351 2918 275

159 2959 370 3047 „Continuo
395 2984 531 3056 pavor,
556 2975 593 3030 et
616 2957 762 3056 pulchri
785 2961 991 3036 reverentia
1015 2958 1145 3032 vultus.

161 3081 253 3169 „llle
279 3080 501 3162 mihicuras
527 3078 626 3151 vultu
652 3096 885 3177 aspectuque
913 3095 1073 3152 serenat.

161 3202 222 3289 „0
248 3200 337 3271 belli
363 3198 501 3295 crines!
528 3224 551 3269 ο
576 3198 682 3270 labra
708 3198 905 3276 corallina!
932 3199 1077 3274 Vellem

160 3319 369 3408 „Audires,
396 3319 582 3410 Susanna,
608 3320 723 3392 semel
747 3346 831 3392 oum
855 3339 972 3395 matre
997 3320 1231 3419 loquentem

162 3441 320 3529 „Audivi
344 3442 424 3542 ipse
450 3440 584 3530 semel,
611 3467 681 3514 nec
706 3469 858 3543 possum
885 3442 1010 3515 audita
1034 3441 1218 3514 reserre.“
1280 3449 1350 3518 280

162 3561 297 3649 „Certe
324 3561 464 3660 aliquid
487 3561 684 3669 plusquam
706 3563 863 3636 mortale
891 3580 948 3636 est
972 3562 1130 3663 pupulus
1156 3559 1235 3648 ille,

161 3687 236 3772 „Et
261 3684 334 3758 dixi
358 3683 486 3773 toties,
514 3684 649 3771 Maria,
673 3685 734 3756 hic
757 3709 871 3784 puer,
897 3685 957 3756 hic
983 3702 1065 3756 tuus
1091 3680 1215 3755 infans

162 3871 197 3922 V.
216 3875 277 3924 259.
295 3874 421 3925 Formam
439 3875 618 3926 industris
636 3873 708 3934 apud
725 3872 843 3923 vetares
861 3873 947 3925 tuisse
966 3876 1100 3936 putamus.
1120 3866 1177 3920 cfr.
1187 3867 1351 3917 Doederlein

302 3965 403 4026 synon.
423 3969 452 4016 Τ.
471 3968 493 4020 1.
511 3981 538 4029 p·
559 3966 619 4018 12⁰.

164 4053 198 4106 V.
217 4057 278 4108 80³·
298 4056 476 4123 Phrygia,
507 4057 591 4108 Asiae
608 4055 720 4106 minoris
737 4058 829 4123 regio,
865 4057 998 4109 orientem
1015 4066 1114 4106 verriu
1133 4051 1169 4102 ad
1188 4051 1351 4118 'angariam

136 4142 139 4155 “
302 4149 491 4198 fluviumnta.
528 4147 682 4212 Phrygii
706 4146 828 4200 flores
853 4149 872 4200 i.
903 4161 928 4200 e.
954 4151 1013 4199 arta
1039 4147 1177 4212 Phrygum
1199 4157 1253 4200 acu
1275 4145 1350 4208 picti.

302 4241 380 4306 Virg.
398 4243 466 4290 Aen.
486 4243 513 4303 ³,
531 4241 592 4292 488.

163 4330 197 4380 V.
216 4333 277 4384 281.
295 4332 346 4384 Ed.
365 4331 581 4382 matheten
600 4330 666 4381 ille
682 4329 838 4392 puellus.
