2960 4908
549 181 792 253 LIBER
840 180 950 253 vlu,
1266 191 1361 258 151

229 447 232 451 .
270 381 346 452 Has
371 379 468 452 inter
492 401 599 450 curas
624 375 775 449 tandem
798 373 1065 476 pulcherrimus
1091 372 1185 445 arvis

171 499 360 572 Extulerat
382 497 545 582 frontem
568 495 775 570 redimitam
801 495 952 570 floribus
979 519 1108 571 annus.

170 620 327 717 Jamque
353 617 507 690 aderant
529 617 622 690 rotis
648 619 766 719 optati
790 635 961 717 tempora
985 613 1080 687 reris

168 741 374 838 Expectata
400 737 473 828 diu,
499 755 537 810 et
561 739 734 837 precibus
759 736 997 834 lacrimisque
1021 734 1149 833 petita.
1287 739 1358 828 320

167 859 329 931 Nazarei
354 859 424 932 rite
449 857 498 930 ad
522 856 695 956 Solymaa
719 857 882 928 delubra
899 854 1127 952 frequentes,

166 974 217 1049 Ut
241 981 402 1078 primum
425 978 553 1066 illuxit,
579 995 715 1050 matres
740 979 965 1079 juvenesque
991 997 1172 1072 senesque

165 1099 326 1195 Agmine
350 1100 487 1199 partito
512 1099 653 1198 campis
679 1097 895 1170 florentibus
921 1095 1038 1181 ibant,

166 1217 320 1291 Alcindi
343 1245 477 1298 vocem
500 1237 536 1291 et
562 1218 738 1291 coelestia
762 1219 865 1317 jussa
890 1213 1020 1303 secuti,

164 1337 306 1412 Audita
331 1365 376 1412 ex
402 1339 476 1412 alto
500 1339 615 1438 paulo
641 1355 726 1410 ante
750 1363 818 1438 per
843 1339 919 1409 otia
945 1337 1111 1411 brumae.
1287 1343 1356 1409 325

164 1458 283 1532 Nulla
303 1460 381 1534 dies
406 1485 571 1559 unquam
594 1476 672 1530 tam
689 1437 801 1558 pura,
826 1457 975 1529 innubis
1001 1472 1039 1527 et
1060 1455 1178 1527 instar

167 1575 345 1653 Caerulai
368 1581 444 1654 rasi
467 1580 545 1654 visa
569 1597 637 1668 est,
663 1595 704 1650 ut
727 1579 839 1668 mitis,
861 1595 903 1650 ut
928 1567 1015 1648 alba

164 1697 236 1772 llla
261 1700 350 1772 suite
374 1701 494 1773 tenuis
519 1718 662 1778 tantum
686 1698 872 1771 nubecula
895 1696 978 1771 velo

163 1819 369 1918 improvisa
392 1820 511 1892 oculis
537 1846 629 1893 ausa
654 1837 711 1892 est
736 1818 968 1892 abscondere
992 1817 1119 1904 solem,

164 1939 290 2012 Triste
313 1939 438 2009 ferens
464 1964 586 2025 omen,
613 1938 720 2008 coelo
746 1936 939 2006 adversata
965 1958 1109 2006 sereno.
1285 1943 1355 2009 350
1469 2015 1470 2024 ἶ

67 2117 72 2124 .
163 2059 254 2130 Non
279 2056 392 2130 edera
416 2057 576 2154 antiquis
602 2056 740 2127 intorta
764 2053 930 2126 tenacius
955 2055 1085 2125 haeret

164 2176 399 2270 Parietibus,
424 2172 554 2247 timida
578 2191 620 2246 ut
645 2172 752 2246 nodis
781 2191 819 2246 et
843 2174 997 2270 nexibus
1023 2173 1136 2246 arctis

166 2295 390 2395 Implicitum
416 2295 546 2369 dextm
569 2299 728 2368 Puerum
753 2311 856 2367 tenet
880 2297 987 2368 anxia
1012 2296 1140 2393 Virgo,

168 2412 312 2486 Cuncta
336 2415 469 2488 timens
476 2443 490 2511 3
516 2433 554 2488 et
578 2441 691 2516 saepe
714 2415 831 2488 oculis
856 2416 998 2490 intenta
1021 2413 1146 2488 revisit

164 2534 391 2607 Haerentem
414 2536 522 2608 lateri
547 2537 731 2612 comitem.
783 2535 880 2634 Quid
905 2536 1036 2609 sedula
1062 2559 1152 2607 cura
1284 2537 1354 2606 535
1391 2555 1396 2576 ‘

164 2653 338 2726 Profuit?
362 2655 465 2736 Heu!
488 2672 689 2755 postquam
716 2655 905 2753 Solyme'r‘a
930 2656 977 2727 ab
1004 2655 1099 2728 urbe
1124 2649 1308 2739 redibant,

167 2774 463 2872 Obtulerantque
482 2798 615 2872 preces
641 2775 770 2846 moniti
796 2790 1047 2872 consuetaque
1074 2773 1186 2862 dona,

164 2895 247 2966 Heu
270 2895 403 2984 lassae,
428 2895 503 2966 heu
527 2893 685 2965 miserae
710 2894 767 2965 vix
789 2893 947 2990 primum
971 2893 1096 2964 limine
1120 2893 1248 2992 templi

164 3018 372 3112 Egressae,
391 3014 555 3084 aetheria
581 3013 722 3083 divinus
749 3010 907 3108 Spiritus
934 3037 1026 3084 aura

166 3131 362 3205 Mortalem
389 3133 524 3230 eripuit
548 3131 696 3223 nubem,
722 3130 943 3228 Nomenque
969 3132 1076 3222 tueri,
1185 3117 1189 3119 ’
1285 3143 1355 3218 540

163 3257 429 3349 Arcanumque
455 3251 557 3322 dedit
582 3277 659 3322 non
684 3249 892 3322 enarrabile
918 3251 1096 3340 Verbum,

163 3375 322 3448 Goelum
347 3371 462 3445 oculis
488 3396 670 3471 reserans,
695 3386 794 3442 tecta
818 3369 1038 3444 immortalia
1062 3372 1204 3446 Divum.

169 3497 341 3594 Dumque
368 3493 441 3566 alte
465 3490 598 3562 fruitur
623 3489 752 3590 sopitis
778 3491 1051 3588 sensibus,olli

166 3616 344 3715 Elapsum
367 3596 509 3685 interea
533 3611 750 3701 immemori,
774 3609 1017 3711 manibusque
1044 3613 1205 3689 solutum

166 3822 202 3872 V.
222 3825 281 3874 821.
301 3824 464 3886 Solymus
483 3822 644 3870 delubra.
660 3821 682 3886 1,
702 3822 728 3871 6.
765 3821 905 3888 V11,tta.

166 3913 201 3963 V.
221 3914 309 3965 sto—
321 3917 371 3965 330
388 3913 452 3963 incl.
471 3913 542 3964 Edit.
562 3913 659 3962 venet.
679 3915 839 3964 nonhabet.

168 4003 203 4055 V.
223 4007 282 4057 837.
302 4005 372 4055 uait.
391 4005 489 4056 Venet.
509 4007 662 4057 interserit:

374 4095 426 4147 llla
443 4099 550 4159 quidem
569 4099 626 4148 nati
644 4099 766 4146 dextram
785 4107 888 4145 memor
906 4107 990 4155 usqne
1008 4093 1118 4142 tenebat

167 4185 200 4236 V.
221 4188 281 4240 338.
301 4187 372 4238 nott.
392 4189 514 4238 Veneta:
739 4169 758 4184 ⁹

375 4280 429 4329 secl
447 4280 564 4332 miserae
582 4293 616 4330 ex
634 4280 692 4342 ipro
711 4281 758 4330 vix
776 4279 890 4344 primum
908 4278 999 4328 limine
1019 4278 1113 4340 templi
