2960 4908
586 219 830 291 LIBER
872 221 931 293 lx.

176 427 433 521 Responsant3
458 415 573 487 tacito
598 411 685 484 dum
710 440 819 487 curru
844 431 1019 514 argentea
1043 415 1132 488 luna

175 543 264 618 Alta
288 539 377 639 polo
403 534 545 609 incedit
567 559 637 635 per
662 558 781 635 opaca
806 535 951 608 silentia
976 535 1115 613 mundi.

175 664 258 734 Heu
282 659 441 744 misera,
466 655 538 727 beu
563 654 644 726 sola
668 655 894 729 intenebris
920 657 1152 730 sanctissima
1175 661 1306 756 Mater,

176 783 398 879 Quanquam
419 775 520 848 lassa
544 776 645 866 viae,
671 792 816 849 secreto
839 776 983 852 inclusa
1009 777 1131 869 cubili,
1314 798 1363 886 95

176 901 309 972 Casum
335 895 523 969 infelicem
546 895 743 968 lacrimoso
769 898 932 968 carmine
956 897 1081 970 flebat.

173 1023 221 1091 Et
245 1018 371 1110 fletum
396 1015 556 1117 augebat
580 1016 717 1092 vicinus
742 1016 897 1090 lectulus
922 1017 996 1109 ille,

175 1139 252 1224 Sed
276 1163 430 1228 uacuae,
456 1162 530 1234 quo
556 1137 721 1208 membra
744 1141 840 1210 Puer
859 1163 1082 1238 componere
1108 1157 1251 1216 sueratt

174 1258 332 1356 Cynthia
356 1283 441 1329 narn
465 1259 586 1359 pleno.
606 1258 733 1330 lucens
761 1282 804 1327 cx
830 1239 979 1330 aethere
1005 1284 1122 1330 cornu

176 1379 316 1470 Cuncta
339 1376 561 1450 ostendebat
585 1376 781 1449 manifesto
806 1377 963 1453 luminet
988 1404 1085 1449 nunc
1110 1376 1228 1470 frons,
1289 1397 1360 1465 100

173 1501 279 1572 Nunc
304 1501 419 1572 decor
442 1515 479 1570 ct
504 1498 625 1586 facies,
645 1515 681 1569 et
705 1499 784 1570 viva
810 1497 971 1569 absentis
997 1497 1119 1596 imago

170 1622 268 1691 Ante
294 1619 421 1692 oculos
446 1618 623 1708 redeunt,
650 1642 748 1689 nune
773 1643 842 1689 vox
867 1618 1112 1716 hesternaque
1139 1616 1249 1693 dicta.

168 1741 251 1811 Heu
277 1765 317 1810 se
343 1738 527 1811 desertam
540 1765 563 1829 ,·
580 1738 780 1813 tenebrosa
805 1739 844 1810 in
868 1756 978 1810 nocte
1003 1738 1172 1812 relictam

168 1858 439 1957 Confusamque
466 1858 591 1929 malis!
617 1861 713 1930 Nam
740 1858 846 1957 quid,
871 1857 1116 1956 pulcherrime
1142 1888 1277 1956 rerum,

168 1977 267 2078 Quid
290 1994 454 2065 tantum,
475 1977 616 2077 ajebat,
642 1979 746 2078 potui
773 1976 989 2073 delinquere
1014 1979 1161 2052 mater?
1288 1999 1356 2068 105

166 2101 289 2169 Mater
313 2120 464 2190 amans,
492 2097 564 2168 alte
590 2099 741 2172 nimium
767 2098 834 2170 sub
859 2113 1013 2197 pectore
1038 2097 1113 2171 telo

164 2221 243 2289 lcta
268 2214 396 2316 gravi?
422 2219 497 2306 Te,
525 2241 664 2290 summe
690 2223 816 2308 Pater,
842 2235 880 2290 te
907 2217 1056 2290 conscia
1080 2234 1209 2310 testor,

164 2339 251 2409 Non
276 2337 375 2409 aliud
398 2338 507 2438 petii,
530 2356 592 2411 aut
615 2339 713 2412 volui
739 2339 933 2438 (quantum
959 2362 1070 2438 aegra
1094 2340 1305 2443 recordor),

165 2458 284 2556 Quam
305 2483 407 2532 meua
433 2476 473 2531 ut
497 2462 614 2532 Natus
635 2460 826 2561 praesenti
850 2458 998 2530 numine
1025 2476 1165 2532 certam

163 2580 293 2649 Ferret
317 2603 425 2678 opem
451 2577 580 2673 fessis3
606 2598 730 2653 tamen
754 2599 795 2653 ut
820 2579 926 2651 simul
950 2578 1015 2649 ille
1040 2577 1192 2656 lateret:
1283 2597 1353 2663 110

162 2699 267 2768 Haec
293 2722 420 2791 mens,
446 2699 507 2772 hic
527 2703 669 2772 animus
695 2700 783 2777 fuiti
811 2717 849 2775 at
872 2725 948 2771 non
973 2716 1014 2770 ut
1038 2701 1210 2772 miseram
1235 2728 1295 2774 me

161 2818 360 2890 Desereret
384 2818 550 2918 fugiens,
577 2821 642 2894 has
669 2848 832 2921 unquam
857 2819 949 2894 velle
975 2819 1137 2892 latebras

159 2935 290 3007 Infelix
313 2938 452 3037 potui?
469 2941 564 3012 haec
588 2942 745 3038 genitrix
769 2940 858 3012 mihi
882 2939 1033 3011 vulnera
1057 2937 1186 3009 ferre?

158 3057 261 3129 Haec
285 3057 445 3131 lacrimis
471 3059 719 3159 precibusque
746 3062 785 3132 in
807 3083 867 3130 me
893 3074 1107 3129 convertere
1132 3056 1235 3132 tela?
1348 3129 1350 3136 ,

160 3175 192 3247 Ο
219 3180 330 3250 Nate!
356 3206 379 3251 ο
404 3178 528 3250 tristes
554 3179 786 3282 desolatique
811 3178 985 3282 penates!
1276 3191 1347 3258 115

159 3294 191 3366 0
218 3296 365 3371 domus!
392 3325 416 3371 o
439 3300 562 3399 patria
584 3301 728 3375 infelix!
749 3304 799 3375 At
822 3324 906 3374 sera
931 3297 1090 3399 querelis

154 3584 190 3635 V.
208 3586 252 3639 at.
288 3589 360 3639 Edit.
381 3592 503 3644 Veneta:

284 3695 291 3709 ·
363 3683 399 3732 At
415 3685 477 3734 sola
494 3685 522 3734 in
539 3685 660 3736 tenebris
676 3695 803 3738 moerens
819 3683 996 3737 sanctissima
1014 3685 1105 3736 Mater

152 3764 187 3815 V.
206 3770 249 3819 99.
288 3769 448 3834 cynthia.
466 3775 515 3840 IV,
535 3780 596 3828 822.

151 3857 188 3905 V.
209 3861 260 3911 106
279 3865 307 3910 et
326 3864 377 3915 1⁰7
396 3867 424 3915 ln
441 3867 512 3917 Edit.
532 3868 631 3920 Venet.
652 3871 858 3920 contrahunturt

315 3956 406 4006 Mater
424 3949 539 4007 anans?
576 3961 628 4027 Te,
646 3974 750 4011 summe
768 3963 866 4028 Pater,
885 3964 913 4011 ta
931 3959 1043 4012 conscia
1061 3963 1164 4028 testor,

150 4036 185 4086 V.
209 4041 268 4092 113.
289 4043 362 4095 Edit.
381 4046 480 4097 venet.
499 4063 548 4112 pro
568 4051 697 4103 inlellx
714 4054 733 4103 l.
753 4055 866 4106 orando.

150 4129 186 4179 V.
207 4135 267 4183 11³.
288 4135 360 4185 Edit.
379 4137 479 4190 venet.
497 4153 547 4205 pro
564 4149 646 4195 nata
663 4145 683 4195 1.
702 4146 801 4208 paula.

147 4219 182 4269 V.
203 4226 263 4275 116.
282 4225 354 4277 Erit
373 4226 496 4283 Veneta:

356 4318 378 4370 0
396 4323 490 4374 domus
513 4323 625 4377 infelix!
661 4328 697 4378 At
711 4321 770 4394 jam
787 4341 858 4380 nunc
873 4337 938 4382 sera
957 4327 1090 4394 querella
