2960 4908
593 199 624 266 n
648 195 665 283 t
688 197 774 267 nn
798 198 833 268 a
860 195 929 306 fv.

176 392 411 492 Assiduoque
435 407 565 468 anates
583 391 843 476 „tranant-hinc
866 390 959 491 indo¹
980 392 1113 466 volatu.

171 514 234 588 Ad
253 517 410 590 Boream
432 537 529 613 pons
553 538 804 608 marmoreus,
829 512 891 586 cui
915 511 1074 587 molibus
1100 513 1183 590 altis

175 635 449 735 Quinquaginta
474 657 581 708 arcus
608 621 903 709 ¹subterlabentia
926 649 1059 731 stagna
1206 711 1210 716 ,
1292 653 1363 722 190

172 755 388 856 Excipiunt3
412 779 594 854 versoque
619 755 692 828 situ
715 755 953 857 longissimus
975 754 1076 828 unda

172 875 341 946 Excurrit
364 873 487 973 pictus
512 875 582 948 sub
608 901 730 976 opaco
753 874 895 976 gurgite
919 873 1053 950 fornix.

172 994 273 1066 Nulli
296 994 354 1066 fas
380 995 567 1068 hominum
592 996 723 1072 vetitos
746 998 961 1096 contingere
986 995 1097 1070 finese

174 1114 257 1186 Stat
282 1115 414 1188 Custos
438 1114 540 1188 ferro
557 1135 743 1212 armatus,
769 1135 974 1218 noctesque
999 1117 1154 1215 diesque

171 1221 356 1307 Excubiae
382 1233 542 1330 ducens,
568 1240 839 1337 commissaque
860 1236 988 1310 limina
1010 1253 1142 1315 servat.
1284 1249 1368 1321 *tes

172 1353 296 1452 Atque
323 1355 393 1428 hac
417 1358 600 1436 transibat
623 1385 745 1461 prono
769 1361 846 1458 jam
868 1382 1023 1457 vespere
1049 1345 1189 1446 currus,

171 1476 244 1544 Per
267 1475 391 1574 magni
414 1501 577 1551 convexa
601 1505 740 1554 sonans
765 1503 854 1552 saxa
878 1475 995 1551 ardua
1018 1475 1163 1576 pontis3

173 1595 400 1694 Excitosque
425 1595 546 1671 aditus
571 1599 725 1673 adversa
748 1599 787 1670 in
811 1623 904 1699 rupe
923 1595 1082 1674 subibat.

134 1803 139 1813 ι
172 1715 365 1818 Apparent
388 1717 557 1790 immensi
583 1721 680 1818 agri,
706 1718 933 1818 largissimus
948 1718 1098 1808 aether,

171 1819 364 1906 Herhosae
388 1836 460 1910 hac
484 1837 572 1912 illac
595 1839 709 1916 valles
721 1890 734 1929 ‚
767 1837 969 1910 animantia
993 1836 1099 1927 mira,
1280 1847 1364 1938 000

171 1951 361 2052 Capreoli,
387 1955 495 2056 pardi
514 1959 678 2048 cicures,
696 1957 878 2056 *cervique
904 1956 1067 2052 fugaces.

173 2072 276 2170 Quae
301 2072 405 2148 local
431 2101 524 2174 quas
548 2075 637 2149 olim
662 2076 790 2155 sedes!
815 2099 911 2173 quae
935 2097 1053 2172 regna
1074 2088 1227 2173 pararat

171 2192 436 2293 Omnipotens!
462 2214 503 2268 ut
526 2196 645 2292 belle,
670 2214 712 2269 ut
737 2196 896 2268 suaviter
920 2191 1046 2264 omnia
1069 2189 1211 2274 rident!

174 2311 208 2384 0
233 2312 407 2385 miserum
431 2317 587 2393 mortale
612 2318 750 2416 genus,
775 2337 871 2414 quac
897 2311 980 2384 dira
1003 2308 1141 2411 cupido

170 2431 267 2503 Hinc
276 2417 408 2532 procul
417 2434 565 2534 exegit?
589 2440 695 2526 Juvat
709 2461 857 2511 omnem
871 2433 1085 2533 abstergere
1099 2457 1248 2504 curamr
1290 2443 1362 2513 205

149 2531 373 2653 ‘Respirare
398 2581 526 2627 auram
548 2558 667 2656 juvat,
693 2575 730 2630 ct
755 2556 845 2631 dare
869 2554 1010 2628 lumina
1033 2554 1185 2626 circum.

173 2675 399 2749 Zacharides
424 2677 502 2749 risu
527 2680 701 2752 attonitus
726 2694 807 2752 toto
832 2701 898 2750 ore
923 2674 1077 2774 sequaci

171 2795 466 2869 Versicoloratas
492 2799 662 2871 seruabat
686 2799 723 2870 in
750 2822 817 2870 axe
848 2797 1030 2893 volucres,

172 2917 416 3007 Phoenicum,
452 2934 563 3016 atque
587 2918 749 3018 apodum
773 2936 932 3007 turmas,
968 2934 1006 2989 et
1031 2911 1193 2988 candida
1217 2909 1361 2983 olorum

174 3038 352 3135 Agmina,
378 3053 660 3135 sturnorumque
686 3039 803 3110 acies:
830 3038 889 3109 cui
913 3037 1017 3134 regia
1040 3035 1161 3104 Mater
1292 3037 1364 3108 21⁰

175 3158 306 3227 Annua
314 3208 326 3245 ,
354 3157 416 3247 ait,
442 3159 576 3258 digito,
601 3175 848 3260 porrectaque
874 3157 981 3231 allice
1006 3155 1154 3248 dextre5

105 3303 107 3308 ·
177 3277 247 3351 Dic
270 3276 424 3377 propius
448 3280 610 3352 volitent.
653 3279 751 3354 tttsu
774 3279 832 3352 vix
855 3278 919 3351 ille
944 3303 1079 3351 sereno

174 3399 333 3488 Annuit,
359 3398 471 3497 inque
496 3379 852 3494 manum-suturam
877 3416 915 3472 et
936 3381 1091 3472 brachia
1114 3393 1216 3468 unda

176 3673 210 3722 V.
230 3673 290 3724 100.
308 3674 381 3725 Edit.
397 3670 498 3726 venet.
516 3687 567 3736 pro
585 3677 719 3728 ducens
735 3679 754 3728 1.
773 3679 856 3728 ducit.

175 3785 210 3834 V.
230 3786 291 3836 2⁰7.
308 3787 381 3838 Edit.
400 3787 498 3840 venet.
519 3801 567 3850 pro
586 3793 668 3841 toto
687 3791 705 3840 i.
724 3803 799 3854 prior.

175 3898 210 3949 V.
230 3897 291 3950 200.
309 3900 355 3950 Ph
366 3903 530 3955 cenicum.
565 3905 684 3954 Phoenix
701 3904 763 3954 avis
780 3906 809 3954 in
826 3902 930 3954 Arabia
946 3900 1046 3950 nobilis
1063 3900 1092 3946 et
1110 3895 1254 3960 submoue,
1283 3905 1364 3958 quam

314 4001 416 4052 Plinius
426 4007 484 4070 (lo,
498 4008 524 4071 2,
531 4008 561 4063 t)
568 4005 706 4055 describit.
742 4007 838 4068 Apus
855 4004 901 4055 vel
909 4001 1047 4066 cypsellus
1065 3981 1176 4061 (ἅπους
1197 3979 1362 4066 animellas)

314 4095 377 4146 evis
394 4096 426 4145 de
444 4109 545 4162 genere
562 4097 749 4164 hirundinum,
767 4095 847 4164 cujus
864 4099 949 4161 pedes
965 4094 1037 4144 curti
1054 4096 1083 4146 et
1099 4093 1202 4159 mutili,
1230 4093 1362 4156 quasique
1467 4165 1468 4172 ἵ

318 4187 438 4244 inutiles.
474 4189 542 4240 Ptin.
562 4191 606 4252 1⁰,
625 4189 668 4241 89.
1141 4201 1142 4204 ’

175 4301 210 4352 V.
228 4302 281 4358 m
299 4302 327 4354 in
343 4303 394 4355 Ed.
412 4302 509 4354 venet.
528 4303 613 4352 deest.
