2990 4906
652 137 985 258 ntuuuw.
1360 199 1404 266 it

225 389 426 488 (Quantum
449 401 565 457 restat
590 383 709 456 adhue
733 383 833 460 lasso
858 382 969 454 maris
995 404 1136 478 aequor
1159 381 1355 454 arandum!

226 510 374 608 Septem
395 505 490 578 adeo
514 505 612 579 vitae*
634 530 826 604 superesse
849 501 1055 576 miserrima
1078 500 1194 574 lustra
1334 515 1405 586 280

225 630 406 726 Quantum
431 625 491 698 fila
515 627 664 700 trahens
688 627 728 696 in
751 623 903 724 longum
928 620 1126 695 extendere
1149 622 1319 723 possum)

221 750 337 846 Finge
362 747 451 818 mihi
461 773 473 841 3
501 763 611 845 atque
635 747 693 818 his
719 745 876 839 exactis,
904 769 988 816 eum
1012 741 1161 843 spiritus
1186 741 1267 816 istis

220 867 270 938 Se
291 868 448 965 primum
473 867 611 938 exuerit
635 866 829 956 membris,
856 866 927 937 erit
951 864 1033 937 alea
1057 864 1157 962 jacta

219 987 425 1076 Alterutra,
443 989 532 1059 heu!
559 987 667 1060 seclis
692 989 768 1086 jam
791 1014 868 1060 non
889 983 1110 1058 revocabilis
1135 981 1232 1061 ullis.

219 1110 276 1176 Tu
302 1107 389 1177 mihi
413 1108 582 1181 Divinum
607 1111 783 1200 Puerum,
805 1106 1037 1181 sanctissima
1060 1105 1192 1193 Mater,
1332 1093 1404 1186 285

217 1225 368 1316 Redde,
394 1254 480 1316 uro,
505 1228 677 1321 facilem3
703 1227 783 1319 fae,
809 1228 884 1301 oris
910 1227 1091 1298 anhelitus
1115 1223 1179 1296 ille

213 1346 418 1445 .Supremus
443 1347 491 1418 sit
514 1348 631 1446 Virgo
654 1363 739 1418 tuus
746 1376 758 1442 3
782 1350 837 1419 Te
860 1347 1010 1418 nomine
1035 1344 1168 1417 saltem

217 1468 293 1538 Ter
317 1483 444 1561 vocet,
472 1483 510 1538 et
532 1467 645 1570 toties
668 1482 813 1567 repetat
834 1492 904 1540 vox
927 1466 1056 1538 ultima
1079 1465 1215 1538 lesum.

313 1586 374 1656 Me
398 1586 521 1686 rapuit
545 1587 686 1661 subitus
712 1585 907 1658 sublimem
931 1587 970 1658 in
994 1585 1118 1658 sidera
1142 1582 1287 1657 fervorr

214 1702 321 1774 Nunc
345 1705 500 1778 Mariam
524 1724 562 1779 et
585 1711 742 1780 Puerum
757 1706 911 1779 saerain
933 1704 1080 1780 deserta
1098 1729 1308 1804 sequamur,
1331 1715 1403 1786 290

212 1824 260 1892 Et
284 1822 485 1898 celeremus
509 1826 581 1898 iter
586 1855 600 1924 3
625 1855 712 1899 nam
736 1825 797 1898 lux
820 1827 897 1924 jam
920 1852 1005 1898 sera
1028 1825 1267 1926 propinquat,

211 1941 466 2042 Jordauesque
491 1947 622 2045 procul
646 1947 791 2047 nebulis
817 1946 1049 2044 surgentibus
1076 1946 1187 2017 albet.

308 2063 390 2134 Huc
413 2065 615 2164 Peregrina
638 2067 777 2137 Parens
802 2066 877 2163 jam
893 2063 993 2136 lassa
1018 2063 1066 2135 ad
1086 2062 1246 2134 {luminis
1264 2063 1402 2136 undam
1430 2123 1432 2130 ,

211 2181 394 2269 Venerat,
422 2199 459 2252 et
483 2200 612 2254 tenere
635 2184 785 2282 paulum
810 2183 998 2278 requierat
1020 2182 1060 2251 in
1084 2180 1215 2271 herba,

212 2299 379 2371 Culmina
403 2300 607 2402 suspiciens
633 2301 730 2376 sacri
752 2300 885 2402 procul
909 2300 1025 2372 ardua
1049 2300 1211 2379 montist
1328 2317 1399 2386 295

212 2420 302 2492 Cum
325 2421 431 2521 pueri
454 2446 523 2494 vox
548 2420 739 2494 clamantis
765 2420 891 2494 audita
910 2446 980 2521 per
1005 2446 1134 2493 omnes

210 2540 409 2613 Anfractus
432 2541 568 2615 virides
591 2568 782 2614 nemorum
808 2540 1043 2639 auditumque
1069 2567 1247 2614 canorum

208 2663 280 2732 Per
305 2662 411 2760 juga,
434 2689 503 2762 per
524 2662 637 2736 valles
663 2687 829 2734 carmen:
854 2661 941 2748 „Sit
965 2662 1096 2734 semita
1120 2679 1234 2753 reeta,

207 2782 466 2882 Aequalesque
490 2775 565 2856 vias
591 2783 812 2881 Hominique
837 2783 993 2882 Deoque
1017 2792 1189 2883 paratust

123 2966 125 2970 .
206 2899 309 2972 Haec
334 2884 415 2974 erat
435 2903 499 2974 illa
524 2931 661 2978 sonans
684 2932 751 3004 per
777 2904 878 2980 celsa
903 2904 1095 2974 cacumina
1121 2903 1234 2972 eremi
1325 2916 1396 2981 300

99 3063 103 3068 -
206 3021 368 3110 Vocula,
396 3048 492 3120 quae
515 3023 640 3122 plures
665 3049 778 3122 saepe
805 3023 1013 3094 errabunda
1035 3022 1179 3095 fefellit.

206 3269 240 3319 V.
259 3271 320 3322 tau.
338 3271 606 3336 Jurdsnesque.
643 3271 700 3324 Cir.
719 3276 753 3341 11,
778 3278 838 3327 stt.
884 3277 956 3328 Edit.
975 3279 1073 3328 venet.
1100 3279 1393 3343 mutatsurgenti-

308 3363 374 3412 bus
392 3362 493 3414 albet
510 3364 552 3414 in:
572 3366 689 3416 albescit
706 3371 826 3430 aquosis.
1046 3358 1052 3367 ’

205 3452 240 3503 V.
258 3455 310 3505 298
327 3467 385 3516 seq.
404 3454 460 3505 stt
475 3457 605 3509 semita
623 3462 723 3508 reeta
741 3463 793 3510 ete.

308 3547 403 3595 Metti.
423 3547 449 3612 3,
466 3550 492 3599 8.
510 3551 596 3603 Mure.
614 3552 640 3614 1,
661 3555 686 3602 ³.
706 3554 772 3603 Ine.
796 3557 823 3620 3,
841 3557 868 3607 t.

203 3633 238 3685 V.
258 3638 307 3688 ³⁰1
326 3639 397 3687 inter
414 3640 443 3687 et
461 3643 522 3694 ³05.
540 3641 611 3691 Edit.
629 3642 727 3694 venet.
748 3648 831 3696 tusce
849 3659 899 3696 sex
916 3657 1028 3709 versus,
1056 3640 1146 3705 quiin
1164 3643 1206 3692 ed.
1225 3644 1311 3704 princ.
1330 3647 1389 3695 Me-
1481 3634 1482 3644 ¹

308 3727 371 3779 diui.
389 3741 443 3797 nou
460 3731 602 3799 leguntur,
621 3736 712 3785 addit:

339 3821 409 3870 Nam
428 3824 507 3872 modo
525 3825 559 3872 de
576 3827 696 3887 scopulis
715 3832 844 3892 resonat,
863 3840 934 3878 nune
952 3828 1009 3878 exit
1026 3805 1062 3878 u'b
1081 3825 1178 3890 antris,

339 3911 445 3974 Perque
464 3915 574 3965 umbras
591 3930 740 3986 uenturum,
758 3920 887 3982 lucosque
904 3920 1034 3981 lucusque
1051 3918 1177 3968 resultat.

338 4007 418 4055 Haud
433 4017 514 4055 secus
532 4007 666 4060 interdum
683 4012 773 4060 densis
791 4011 949 4061 abscundita
966 4017 1050 4058 ramis

339 4087 429 4148 Parva
446 4097 508 4148 avis
525 4099 662 4164 ingentem
679 4103 767 4162 replet
784 4105 964 4152 modulamine
981 4102 1089 4151 silvam.

340 4191 403 4252 lpse
420 4189 506 4255 lutet,
524 4193 636 4253 trepidis
653 4195 704 4243 uisi
724 4199 852 4258 quantum
871 4193 1025 4244 intermicat
1043 4192 1105 4258 ulie,

339 4282 446 4344 Perque
461 4282 554 4348 nigras
571 4285 668 4336 vuliut
685 4285 796 4337 frondes
813 4287 993 4348 umbrosaque
1012 4289 1095 4336 tectu.
